1941 2999
915 88 989 130 ,36

202 201 532 259 deprompsisse
559 202 750 259 putarit
777 225 835 233 “”“
873 202 1017 246 L⁰⁰u⁵
1047 203 1170 260 apud
1197 202 1374 247 Livium
1405 204 1479 246 hic
1506 205 1595 253 est·-
1601 160 1747 253 aab
1761 246 1764 249 ,
1815 174 1936 258 '‘

203 276 300 313 esse
338 269 474 313 hodie
512 273 580 313 tot
618 271 759 313 fasces
797 271 1131 326 magistratibus
1170 273 1345 329 populi
1363 263 1568 328 Romani,
1605 271 1716 327 qum
1757 295 1780 299 ⁷.
1802 322 1805 324 .
1842 310 1905 346 μ

205 343 359 396 captos
389 352 448 383 ex
476 338 613 383 caede
629 340 951 394 imperatorum
972 351 1083 396 prae
1101 352 1149 384 se
1169 341 1287 384 ferre
1315 345 1460 398 posset
1480 339 1714 401 Hannibal.
1734 351 1736 354 ·

203 406 354 450 Antea
383 409 500 451 enim
532 407 660 450 Titus
700 407 839 450 tradit
876 408 1115 464 Romanos,
1148 421 1424 466 quamquam
1451 411 1629 467 Poenus.
1653 419 1714 450 ex
1786 384 1873 437 ..¹³

204 476 340 518 Italia
369 477 636 537 decessisset,
665 480 814 519 tamen
843 478 889 518 in
917 480 1041 519 metu
1069 478 1216 534 fuisse,
1245 478 1364 534 quod
1394 479 1472 521 ille
1502 477 1711 520 incolumi

205 546 406 589 exercitu
424 546 471 589 in
490 545 692 589 Africam
712 546 978 601 transiisset3
1003 550 1101 589 tum
1120 545 1320 603 Scipioni
1339 554 1439 605 cum
1460 545 1712 590 Hannibale
1770 537 1796 596 ,1·
1858 523 1941 584 Ἴ

204 613 305 670 ipso
333 614 619 671 pugnandum
651 626 757 657 esse.
816 614 1068 670 Sequuntur
1088 614 1252 658 deinde
1275 615 1432 658 laudes
1452 614 1714 662 Hannibalis
1839 611 1841 614 ’
1919 619 1941 679 {³³

205 683 391 739 eiusque
420 684 654 740 exercitus,
692 684 810 726 inter
839 697 950 739 quas
989 686 1128 728 etiam
1156 684 1253 727 Liv.
1292 686 1373 728 illa
1403 687 1542 729 verba
1556 683 1715 740 'reper-
1762 682 1767 687 1

205 752 366 794 iuntur.
425 751 593 795 Contra
621 754 671 795 fr.
691 751 967 806 Coelianum,
996 756 1045 795 ut
1066 765 1125 795 ex
1143 753 1315 797 verbis:
1346 755 1425 809 qui
1454 748 1715 798 ductoribus

207 820 460 864 hostium
499 825 603 865 ante
642 822 854 864 soluerint
893 822 1000 864 ferri
1043 825 1239 879 apparet,
1278 836 1338 865 ex
1377 824 1575 866 oratione
1609 821 1715 866 Car-

205 889 492 943 thaginiensis
512 890 748 959 cuiusdam
768 891 976 943 (fortasse
1005 890 1144 946 ipsius
1174 890 1458 945 Hannibalis)
1487 886 1711 948 sumptum
1758 891 1761 894 '
1884 857 1941 934 11111

206 968 306 1000 esse
331 957 524 1002 videtur.

343 1028 586 1071 Praeterea
625 1042 705 1072 cur
741 1029 904 1086 Livius,
943 1030 982 1072 si
1020 1042 1071 1072 re
1110 1042 1219 1072 vera
1257 1027 1462 1072 Coelium
1502 1031 1587 1073 hoc
1616 1030 1715 1089 loco

204 1095 252 1137 in
281 1095 411 1139 usum
441 1098 632 1154 vocavit,
680 1097 792 1141 duos
832 1101 876 1141 et
904 1099 1186 1154 septuaginta
1226 1099 1365 1141 fasces
1393 1111 1481 1142 non
1509 1097 1714 1154 scripsit?

204 1166 290 1207 nisi
333 1166 449 1209 forte
492 1169 704 1222 putamus
749 1168 904 1210 Titum
952 1168 1252 1228 narrationem
1295 1181 1422 1210 suam
1471 1168 1716 1210 secundum

206 1231 413 1278 Coelium
447 1238 646 1280 mutasse
676 1239 1024 1293 computantem,
1063 1240 1173 1292 quot
1206 1237 1344 1282 fasces
1383 1236 1714 1292 magistratibus

205 1304 330 1345 illius
367 1306 525 1347 aetatis
561 1306 730 1347 fuerint
769 1310 812 1348 et
855 1307 918 1347 ita
961 1305 1139 1348 duobus
1183 1307 1437 1348 consulibus
1477 1305 1714 1361 duodenOS,

206 1376 417 1428 quattuor
436 1374 512 1418 vel
540 1387 621 1418 sex
650 1376 945 1432 praetoribus,
974 1375 1013 1418 si
1039 1374 1151 1418 duas
1180 1375 1419 1432 Hispanias
1449 1375 1713 1418 adnumera—

204 1442 288 1499 bis,
326 1454 473 1499 senos,·
500 1445 688 1486 omnino
727 1444 963 1500 sexaginta
1002 1444 1320 1486 attribuentem
1364 1444 1419 1485 ad
1466 1444 1582 1485 hanc
1619 1454 1714 1486 sen-

205 1513 389 1555 tentiam
420 1515 697 1569 pervenisse:
727 1526 814 1556 non
836 1527 928 1556 esse
949 1513 1083 1556 hodie
1105 1517 1170 1556 tot
1188 1514 1328 1556 fasces
1358 1514 1456 1566 (60)
1487 1509 1717 1572 magistra-

204 1581 325 1625 tibus
345 1582 501 1638 populi
520 1582 725 1640 Romani,
745 1585 854 1638 quot
873 1584 1024 1638 captos
1045 1581 1138 1637 (72)
1160 1594 1220 1624 ex
1239 1581 1376 1625 caede
1395 1582 1713 1638 imperatorum

204 1663 316 1706 prae
346 1661 395 1694 se
423 1653 540 1695 ferre
580 1657 725 1707 posset
754 1652 988 1694 Hannibal.
1048 1651 1275 1694 Habemus
1313 1651 1448 1705 igitur
1483 1651 1616 1692 etiam
1648 1651 1714 1691 his

204 1719 314 1762 locis
343 1719 693 1777 similitudinem,
723 1731 808 1762 non
838 1731 1099 1763 consensum
1129 1720 1287 1762 famae.

342 1790 559 1845 Fragm.
590 1791 676 1833 55:
706 1790 828 1832 Serv.
849 1789 905 1832 ad
930 1789 1036 1832 Aen.
1057 1789 1136 1845 IV,
1156 1789 1241 1831 206
1262 1787 1462 1831 Coelius:
1484 1786 1715 1842 Maurusii,

205 1860 283 1914 qui
312 1860 439 1902 iuxta
468 1858 700 1903 Oceanum
730 1859 889 1901 colunt.

342 1926 476 1981 Quod
505 1928 556 1970 fr.
587 1927 705 1982 apud
737 1926 941 1970 Coelium
971 1927 1158 1969 fortasse
1187 1925 1389 1977 eundem,
1430 1936 1562 1980 quem
1593 1924 1712 1978 apud

203 1997 383 2039 Livium
404 1996 592 2053 (XXIV,
609 1996 680 2052 49,
700 1997 762 2053 5),
782 1997 929 2038 locum
950 1995 1160 2038 obtinuit:
1180 1995 1369 2050 Syphax
1394 1994 1447 2037 in
1460 1993 1714 2035 Maurusios

204 2088 260 2097 -
291 2066 486 2108 extremi
524 2077 667 2122 prope
697 2064 929 2108 Oceanum
968 2064 1179 2107 adversus
1210 2063 1349 2106 Gadis
1384 2063 1536 2105 colunt
1564 2085 1622 2092 —
1650 2074 1715 2104 re-

204 2135 330 2191 fugit.
370 2133 660 2192 Quapropter
682 2134 828 2178 Nauta
848 2149 889 2191 p.
908 2135 977 2191 38,
996 2133 1286 2178 Weissenbonn
1306 2133 1352 2175 in
1368 2132 1448 2190 ed„
1469 2131 1516 2176 Ο.
1532 2131 1714 2175 Gilbert:

204 2205 293 2247 Die
321 2205 500 2260 Fragm.
539 2218 581 2260 p.
609 2205 695 2246 464
735 2204 845 2246 illuc
881 2205 932 2247 fr.
970 2205 1179 2247 referunt.
1237 2202 1449 2246 Ceterum
1478 2214 1536 2245 ex
1563 2195 1715 2258 paucis

204 2274 356 2317 verbis
374 2273 489 2315 nihil
509 2274 618 2316 certi
638 2272 846 2315 concludi
865 2276 1020 2330 potest,
1040 2274 1092 2315 cf.
1113 2272 1159 2316 0.
1179 2272 1309 2315 Peter
1338 2286 1380 2328 p.
1399 2272 1467 2326 81,
1497 2270 1554 2314 H.
1586 2271 1714 2314 Peter

203 2356 244 2398 p.
286 2343 384 2386 163.
456 2341 617 2398 Itaque
659 2342 847 2384 nimium
886 2342 933 2384 in
971 2341 1052 2384 illa
1090 2353 1140 2384 re
1179 2340 1232 2384 G.
1270 2340 1455 2384 Michael
1493 2354 1535 2396 p.
1573 2340 1630 2382 39
1670 2342 1714 2381 et

203 2412 382 2455 Meltzer
421 2425 461 2465 p.
492 2412 549 2453 26
589 2410 742 2465 egredi
780 2412 892 2453 mihi
920 2411 1132 2453 videntur
1170 2413 1379 2466 putantes
1408 2410 1588 2451 Livium
1626 2420 1716 2451 non⁴

203 2481 362 2523 horum
394 2480 639 2523 verborum
671 2463 1095 2536 tantummodossed
1137 2479 1316 2521 totius
1354 2470 1714 2521 narrationis
1777 2495 1780 2498 >

203 2550 372 2592 illius
402 2551 569 2592 fontem
602 2548 727 2591 Coeli
758 2561 869 2602 opus
899 2552 1005 2591 ante
1033 2548 1184 2591 oculos
1215 2548 1435 2590 habuisse.

338 2618 488 2674 Atque
517 2617 617 2661 aliis
646 2629 828 2676 quoque
866 2617 974 2661 locis
1009 2616 1169 2660 eadem
1208 2616 1265 2659 de
1296 2615 1535 2658 Maurusiis
1565 2615 1714 2659 dicere

202 2689 345 2742 potuit
374 2687 565 2743 Coelius,
596 2689 646 2729 ut
675 2686 796 2745 apud
826 2687 999 2729 Livium
1032 2686 1156 2742 XXI,
1180 2687 1249 2729 22.
1267 2684 1294 2728 3
1325 2686 1500 2742 (Mauri,
1529 2685 1714 2728 accolae
1789 2680 1793 2681 ⁷
