1941 2999
935 34 1039 110 ,⁴20⁷
1111 29 1115 31 .
1179 34 1181 36 ,

227 182 344 225 verit
372 184 559 239 motum,
578 181 656 238 qui
685 183 822 225 totam
849 183 1118 241 concusserit
1136 182 1326 227 Italiam.
1365 181 1594 231 Postremo
1625 200 1744 243 quae

227 250 286 292 de
328 251 531 294 damno
562 252 716 292 Livius
758 251 940 306 profert,
979 252 1133 306 quod
1137 255 1284 308 terrae
1322 245 1467 295 motus
1505 255 1665 312 intulit,
1698 257 1765 307 et'
1790 280 1793 281 ν
1815 263 1840 316 .-J
1901 245 1941 293 “³2²2

227 320 275 362 in
304 320 439 363 rebus
469 323 514 363 et
552 320 599 362 in
631 319 778 362 verbis
812 319 870 362 ab
902 317 1055 363 Coelio
1091 302 1341 364 abhoriffent
1398 321 1518 364 Nam
1545 334 1628 379 pro
1667 321 1753 382 „ut'
1770 325 1777 329 “
1796 322 1806 329 ”
1874 350 1878 358 ·
1909 327 1940 384 ζ’,

228 389 376 431 multa
412 388 580 445 oppida
625 400 650 430 c
662 399 688 430 o
700 401 722 429 r
733 402 754 429 r
766 401 796 429 ιι
808 397 834 429 6
843 401 865 431 r
876 388 892 428 i
904 402 933 430 ιι
943 386 985 430 t“
1030 389 1183 431 Livius
1222 391 1370 446 ponit:
1428 392 1508 445 qui
1551 393 1742 447 (motus)
1814 396 1822 435 J
1853 385 1863 428 s

192 502 194 504 ,
229 458 475 500 multarum
507 458 685 500 urbium
710 457 1076 513 Italiae-magnas
1106 462 1255 515 partes
1284 461 1632 517 prostravit3
1660 474 1742 518 pro

227 528 445 569 universis
484 526 654 569 verbis:
693 526 846 567 multis
876 526 987 568 locis
1019 527 1142 569 labes
1180 528 1326 570 factae
1364 530 1462 584 sint,
1501 531 1741 585 terraeque

224 595 466 638 desiderint
494 596 643 637 Livius
673 594 956 648 singillatim:
985 599 1154 638 montes
1185 597 1315 651 lapsu
1344 598 1510 650 ingenti
1538 598 1739 654 proruit3

227 675 309 719 pro
340 664 410 720 „in
449 675 638 705 amnes
672 674 798 704 mare
836 663 1176 705 influxerit“
1216 664 1369 706 Livius
1410 665 1583 708 scribit:
1615 678 1740 708 mare

227 733 572 776 fluminibus
602 732 842 774 invexit.
1291 783 1293 785 ,
1748 721 1757 727 “

364 802 568 857 Denique
598 800 811 858 Coeliana
840 802 1001 844 verba:
1031 803 1210 844 flumina
1238 804 1284 845 in
1319 804 1565 846 contrarias
1594 807 1741 860 partes

226 870 440 912 fluxerint
477 871 506 911 i.
548 883 585 912 e.
625 869 812 912 adverso
848 871 1027 912 flumine
1055 871 1189 926 plane
1219 871 1430 913 differunt
1464 885 1492 913 a
1521 873 1737 915 Livianis:

225 941 389 982 avertit
419 952 554 981 cursu
584 939 764 994 rapidos
794 951 944 981 amnes
973 940 1001 981 i.
1030 952 1066 981 e.
1087 952 1239 982 amnes
1268 941 1315 982 in
1342 941 1482 983 altero
1512 940 1736 992 fluxerunt

225 1009 367 1050 alveo.
429 1008 577 1061 Atque
616 1007 741 1048 velut
772 1007 972 1048 consulto
1012 1008 1154 1054 omnis
1185 1006 1399 1049 Coeliana
1427 1020 1518 1050 vox
1551 1021 1578 1049 a
1608 1009 1736 1050 Livio

226 1078 372 1120 vitata
401 1088 497 1119 esse
530 1075 723 1118 videtur.
778 1098 780 1105 ι
1339 1123 1344 1128 ‚

363 1145 532 1187 Terrae
560 1146 707 1186 motus
741 1144 877 1186 etiam
909 1145 1103 1187 Zonaras
1133 1145 1256 1200 VIII,
1285 1144 1341 1187 25
1371 1159 1412 1200 p.
1445 1146 1540 1201 189,
1569 1146 1740 1189 Plutar-

225 1217 334 1258 chus
364 1216 411 1257 in
439 1229 481 1257 v.
511 1215 644 1257 Fabii
673 1226 708 1256 c.
734 1214 774 1270 3,
804 1214 972 1256 Plinius
1003 1213 1042 1271 2,
1057 1215 1124 1271 84,
1141 1215 1225 1256 200
1255 1215 1525 1257 mentionem
1553 1215 1735 1256 faciunt.

360 1285 461 1327 Jam
492 1284 686 1339 primum
717 1284 913 1326 Zonaras
944 1283 1001 1326 de
1030 1284 1223 1326 motibus
1253 1285 1354 1336 (τῶν
1386 1286 1603 1338 σεισμῶν),
1632 1284 1734 1325 ΡΙιι-

225 1354 405 1396 tax-chus
444 1352 501 1395 de
540 1364 641 1405 uno,
670 1352 840 1394 Plinius
880 1352 935 1394 de
965 1364 1176 1394 maxumo
1208 1356 1343 1409 motu,
1372 1352 1478 1394 dum
1509 1352 1647 1394 Poeni
1691 1354 1736 1393 et

223 1424 419 1465 Romani
444 1421 515 1477 ,ad
555 1422 908 1463 Trasumennum
947 1422 1096 1463 lacum
1126 1422 1352 1476 dimicant,
1393 1421 1562 1462 dicunt.
1622 1420 1736 1461 Tum

224 1494 314 1532 tres
335 1492 572 1545 scriptores
603 1501 753 1531 omnes
785 1493 834 1530 ut
861 1490 1014 1530 Livius
1043 1490 1208 1531 milites
1238 1493 1408 1531 motum
1437 1501 1524 1531 non
1553 1489 1736 1530 sensisse

225 1559 420 1601 tradunt.
487 1554 662 1600 Deinde
693 1559 887 1600 Zonaras
918 1559 1149 1600 Etruriam
1189 1560 1330 1600 solam
1367 1558 1577 1608 nominat,
1617 1569 1735 1612 quae

224 1631 373 1671 terrae
402 1627 669 1670 tremoribus
692 1639 905 1670 concussa
924 1627 1004 1681 sit;
1024 1627 1285 1670 Plutarchus
1315 1629 1468 1669 autem
1498 1629 1542 1669 et
1561 1626 1734 1669 Plinius

221 1700 387 1739 terram
416 1708 504 1738 non
535 1696 734 1738 afferunt.
795 1697 998 1751 Denique
1028 1697 1074 1737 in
1103 1697 1180 1750 eis,
1216 1709 1335 1751 quae
1365 1695 1423 1737 de
1451 1696 1614 1738 damno
1645 1708 1738 1738 mo—

221 1765 342 1807 tibus
371 1765 497 1807 illato
519 1767 780 1816 memorant,
808 1765 1004 1807 Zonaras
1035 1768 1080 1806 et
1106 1765 1372 1806 Plutarchus
1402 1764 1584 1820 propius
1616 1776 1739 1806 acce-

221 1834 333 1877 dunt
363 1834 432 1876 ad·
451 1835 632 1875 Livium
663 1847 799 1888 quam
831 1834 887 1875 ad
921 1832 1147 1886 Coelium3
1179 1834 1346 1875 Plinius
1375 1834 1487 1874 nihil
1519 1833 1574 1875 (16
1604 1844 1660 1875 ea
1689 1845 1738 1874 re

221 1903 467 1944 memoriae
496 1901 658 1958 prodit.

359 1972 427 2012 Ex
456 1971 526 2012 his
547 1971 752 2013 omnibus
772 1972 905 2013 rebus
935 1971 1041 2012 satis
1062 1971 1265 2025 intellegi
1285 1973 1429 2025 potest
1457 1970 1735 2012 narrationes

219 2042 358 2083 trium
387 2039 570 2082 illorum
601 2039 866 2094 scriptorum
893 2039 1098 2082 omnibus
1129 2040 1223 2082 fere
1250 2038 1452 2095 partibus
1482 2051 1583 2080 cum
1608 2038 1736 2080 Livio

179 2118 184 2121 “
221 2120 468 2163 congruere
497 2112 631 2162 atque
661 2109 840 2150 omnino
870 2109 965 2150 fere
995 2121 1023 2150 a
1043 2107 1197 2150 Coelio
1227 2108 1404 2150 distare.
1444 2107 1554 2162 Quis
1586 2111 1737 2149 autem

218 2178 315 2220 fons
345 2180 389 2219 et
416 2176 599 2220 illorum
630 2179 674 2218 et
703 2177 820 2218 Livii
848 2177 992 2233 fuerit,
1021 2177 1067 2218 in
1097 2175 1246 2219 medio
1277 2176 1596 2231 relinquamus.

358 2247 428 2288 Ad
458 2249 709 2287 extremum
742 2246 902 2287 afferre
930 2247 1056 2288 nobis
1087 2246 1222 2288 liceat
1249 2258 1309 2287 ex
1339 2253 1405 2300 eo,
1435 2244 1554 2299 quod
1579 2244 1734 2285 Livius

221 2328 324 2357 cum
357 2314 511 2357 Coelio
526 2313 562 2368 1)
603 2315 874 2357 consentiens
914 2315 991 2357 tris
1021 2315 1163 2357 ferme
1192 2315 1326 2356 horas
1354 2312 1412 2356 ad
1447 2304 1597 2356 lacum
1626 2312 1734 2354 Tra-

218 2397 483 2427 sumennum
504 2387 753 2440 pugnatum
777 2396 873 2427 esse
902 2385 963 2436 (6.
983 2384 1032 2438 1)
1063 2383 1431 2427 commemoravit
1443 2381 1493 2438 2),
1523 2382 1653 2423 illum
1674 2393 1734 2423 ex

359 2555 387 2599 ¹)
435 2555 565 2598 Itaque
589 2553 708 2589 tribus
732 2553 778 2588 iis
802 2553 903 2588 horis
936 2552 1102 2588 concisus
1136 2552 1318 2588 exercitus
1343 2555 1452 2596 atque
1475 2551 1554 2596 ipse
1579 2548 1737 2595 (Flami-
1811 2545 1813 2547 ’

222 2612 323 2658 nius]
347 2611 564 2648 interfectus
588 2614 655 2648 est.

356 2670 388 2714 ²)
436 2669 612 2714 Polybius
636 2668 810 2712 temporis
835 2668 1057 2704 mentionem
1080 2677 1155 2704 non
1179 2667 1277 2704 fecit.
