1941 2999
0 1928 41 2099 ‘Psstssxsfgs'q

332 278 559 344 Primum
581 284 964 355 contemplemur,
974 299 1111 354 quid
1100 312 1148 341 m
1165 298 1422 341 universum
1448 300 1724 343 narrationes

146 366 151 375 ”
176 400 178 402 -
205 370 347 421 ,11100
361 360 623 426 contineant,
662 366 825 411 deinde
863 367 1040 421 singula
1077 367 1228 410 verba.
1285 367 1438 410 Livius
1476 373 1627 424 narrat
1665 370 1724 412 ad

142 426 183 485 [3ss
210 423 517 489 Hannibalem
562 437 770 479 iuvenem
815 435 970 478 divina
1014 437 1162 492 specie
1206 436 1379 478 venisse
1422 438 1481 478 et
1510 437 1569 479 ab
1612 438 1725 480 Jove

70 522 99 530 ··
121 495 381 561 *Jsp'ducem
410 507 456 548 in
476 505 656 548 Italiam
676 505 745 547 ’1111
773 516 831 560 se·
852 502 1035 547 missum
1067 517 1161 548 esse
1190 505 1362 560 dixisse.
1420 504 1542 560 Quid
1572 510 1723 549 autem

210 574 344 633 apud
380 570 585 618 'Coelium
623 575 838 634 scriptum
881 574 979 615 est‘?
1035 573 1287 616 Secundum
1332 575 1448 616 hunc
1490 577 1721 617 auctorem

207 641 447 686 Hannibal
480 655 509 684 a
530 643 650 685 >Jove
686 644 730 684 in
766 642 954 684 deorum
993 643 1228 684 concilium
1265 645 1452 684 vocatur
1492 646 1536 684 et
1565 644 1723 685 Italiae

152 709 156 769 J
186 700 390 756 'bellum
418 712 582 754 inferre
610 711 812 763 iubetur3
843 714 939 753 tum
968 711 1148 753 demum
1169 711 1316 754 Poeno
1337 724 1448 753 unus
1478 723 1504 753 e
1534 713 1722 754 concilio
1745 761 1747 763 ¹

156 828 159 829 ⁷
219 772 316 824 dux
345 780 489 824 datur.
547 781 826 825 Manifestum
868 784 933 823 est
973 782 1053 823 has
1093 793 1187 823 esse
1217 779 1542 824 diversissimas
1571 794 1723 823 narra-

173 859 183 866 *
219 839 432 907 tioneset
461 849 637 903 Posner,
667 851 747 904 qui
775 851 838 905 (p.
864 851 942 904 19)
971 850 1150 891 Livium
1181 850 1293 891 haec
1317 849 1551 892 Coeliana:
1579 851 1720 906 „Han-

217 919 412 963 nibalem
432 919 479 960 in
501 917 683 961 deorum
708 918 944 961 concilium
966 921 1173 960 vocatum
1196 915 1315 959 esse“
1345 918 1544 968 omisisse
1564 921 1722 973 censet,

179 1020 182 1022 A
218 999 389 1030 errasse
417 988 529 1029 mihi
559 987 756 1041 videtur,
797 999 898 1028 nam
930 987 1084 1028 Livius
1115 988 1197 1028 hoc
1227 998 1314 1028 non
1343 986 1504 1041 omisit,
1534 986 1611 1027 sed
1641 999 1721 1040 pro

217 1058 340 1116 fama
370 1053 583 1100 Coeliana
613 1055 748 1096 aliam
780 1055 977 1110 praebet,
1018 1067 1122 1096 cum
1151 1067 1179 1096 a
1208 1055 1320 1096 Jove
1357 1055 1528 1096 iussum
1568 1055 1719 1096 statim

186 1150 188 1152 -
217 1127 426 1166 iuvenem
458 1123 517 1165 ad
546 1125 842 1166 Hannibalem
872 1124 1045 1166 venisse
1075 1124 1194 1165 dicit.

354 1192 504 1248 Atque
542 1193 581 1233 si
620 1191 764 1234 Coelii
802 1192 943 1234 verba
986 1192 1236 1234 accuratius
1280 1191 1723 1248 consideraverimus,

201 1260 385 1304 sbellum
417 1260 611 1303 nondum
642 1262 868 1316 inceptum
906 1273 1002 1302 esse
1039 1261 1328 1317 inveniemus,
1363 1273 1466 1302 cum
1498 1260 1723 1304 Hannibal

156 1363 158 1365 .
217 1330 378 1372 Italiae
408 1330 578 1372 bellum
606 1330 770 1372 inferre
798 1330 845 1371 in
875 1329 1063 1372 deorum
1094 1330 1298 1372 contione
1326 1330 1547 1371 iubeatur.
1604 1330 1719 1371 Tum

217 1397 400 1439 demum
443 1398 511 1439 dis
551 1399 853 1453 praesentibus
894 1411 922 1439 a
961 1398 1074 1440 Jove
1114 1398 1156 1440 01
1193 1399 1454 1453 imperatur,
1494 1401 1544 1439 ut
1573 1402 1724 1440 contra

75 1524 78 1525 ⁷
187 1506 190 1508 .
215 1467 442 1519 Romanos
469 1466 638 1508 bellum
669 1470 806 1521 gerat.
865 1468 1065 1510 Deorum
1099 1467 1236 1520 igitur
1257 1466 1495 1508 *voluntate
1525 1470 1569 1508 et
1598 1468 1722 1509 iussu

92 1540 95 1542 ’
164 1564 166 1568 -
191 1533 194 1536 ’
216 1535 390 1577 Poenus
420 1547 546 1576 arma
573 1535 734 1577 Italiae
772 1535 915 1577 infert.
975 1535 1099 1576 Hanc
1128 1547 1224 1576 esse
1263 1535 1564 1577 narrationem
1594 1536 1723 1576 Puni-
1734 1576 1738 1579 ,

217 1615 328 1672 cam,
358 1604 458 1658 quis
489 1606 556 1645 est
584 1605 662 1659 qui
693 1604 853 1658 neget?
893 1603 1054 1646 Contra
1084 1616 1143 1645 ex
1171 1604 1297 1645 Livio
1338 1603 1506 1645 bellum
1536 1603 1626 1646 iam
1657 1604 1722 1645 in-

216 1657 387 1714 dictum
427 1675 470 1714 et
510 1671 734 1728 inceptum
780 1684 875 1714 esse
915 1672 1045 1714 facile
1088 1672 1386 1727 intellegitur3
1430 1685 1533 1715 nam
1574 1673 1719 1715 statim

73 1755 83 1763 „
146 1748 153 1753 ·
216 1739 313 1782 dux
342 1742 399 1783 ad
429 1742 552 1783 viam
588 1743 633 1783 in
661 1742 842 1784 Italiam
880 1742 1210 1784 monstrandam
1244 1741 1484 1784 Hannibali
1522 1743 1720 1785 mittitur.

217 1809 450 1853 Habemus
479 1811 614 1864 igitur
644 1814 885 1867 auctorem,
915 1811 994 1865 qui
1024 1823 1128 1852 cum
1157 1810 1368 1852 Romanis
1400 1811 1514 1853 facit.

353 1877 514 1935 Neque
542 1880 589 1921 in
619 1880 696 1937 eis,
730 1892 847 1938 quae
875 1879 933 1934 de
962 1882 1156 1922 monstro
1185 1881 1444 1935 memorant,
1483 1880 1721 1935 scriptores

156 1953 159 1954 ’
215 1949 352 1989 nostri
376 1950 667 1990 consentiunt.
724 1942 878 1991 Livius
909 1950 1025 1990 enim
1055 1961 1085 1989 u
1096 1962 1125 1990 n
1136 1961 1167 1989 u
1178 1962 1223 2010 m
1252 1961 1272 1990 s
1283 1961 1307 1990 e
1318 1962 1342 1989 1·
1352 1961 1380 2002 p
1393 1961 1417 1990 e
1429 1951 1522 1991 nte
1532 1960 1578 1989 m
1607 1950 1722 1990 mira

216 2017 521 2070 magnitudine
559 2018 691 2060 fuisse
728 2018 873 2074 refert,
913 2017 1090 2060 Coelius
1129 2018 1313 2060 beluam
1351 2020 1528 2060 vastam
1568 2021 1612 2060 et
1641 2018 1721 2060 im-

214 2083 391 2126 manem
422 2087 799 2143 circumplicatam
831 2087 1213 2141 serpentibus.

252 2197 257 2200 „
351 2152 550 2209 Accedit,
569 2152 708 2211 *quod
738 2155 893 2197 Livius
923 2155 1096 2210 aliquid
1125 2155 1369 2197 memoriae
1397 2154 1559 2212 prodit,
1600 2155 1721 2211 quod

214 2220 379 2280 frustra
391 2226 398 2277 j
409 2223 532 2278 apud
561 2223 764 2266 Coelium
796 2236 1006 2279 quaeres,
1045 2237 1151 2266 nam
1191 2224 1267 2265 ille
1307 2225 1353 2265 in
1382 2228 1404 2274 ἓ
1433 2225 1461 2265 8
1495 2224 1626 2266 dicit:
1667 2237 1721 2265 ac

80 2331 113 2348 μ,
177 2308 180 2311 ·
213 2283 519 2345 post-insequi
557 2304 658 2333 cum
698 2292 876 2347 fragore
915 2292 1029 2334 caeli
1068 2292 1284 2335 nimbum.
1317 2316 1367 2323 -
1411 2291 1586 2348 Quibus
1617 2304 1720 2334 cum

154 2408 159 2411 Ὗ
214 2358 330 2400 Livii
358 2354 507 2402 verbis
538 2362 700 2403 mirum
730 2361 776 2403 in
795 2361 981 2405 modum
1010 2364 1256 2416 congruunt
1287 2373 1356 2417 ea,
1386 2373 1503 2417 quae
1532 2373 1719 2416 sequun-

214 2430 309 2480 tur3
340 2438 442 2469 nam
471 2428 688 2485 „molem“
715 2431 763 2472 in
792 2434 814 2482 §
842 2432 870 2473 9
901 2430 956 2473 011
988 2434 1237 2486 serpentem
1267 2431 1382 2473 mira
1417 2427 1721 2488 magnitudine

63 2515 79 2527 ν
180 2543 182 2546 ,
215 2508 317 2537 011111
335 2495 517 2551 vingenti
547 2498 760 2541 arborum
799 2512 854 2542 ac
882 2498 1180 2554 virgultorum
1219 2502 1379 2555 strage,
1419 2498 1720 2555 „prodigium“

148 2574 151 2578 ·
214 2562 274 2613 ad
290 2565 490 2608 >nimbum
511 2566 794 2610 referendum
814 2581 909 2611 esse
928 2568 1035 2610 satis
1057 2571 1252 2624 apparet.
1296 2568 1412 2610 Item
1435 2566 1720 2610 Coelianum:

215 2633 334 2692 „tale
363 2634 631 2676 monstrum“
661 2636 903 2691 respondet
918 2633 1088 2680 'beluae
1116 2638 1282 2678 vastae.
