1941 2999
174 206 193 211 -ν
224 182 379 234 Livius
418 187 572 229 narrat
610 184 658 226 in
697 182 881 228 Coelio
875 185 1087 239 positum
1126 194 1244 226 esse
1262 168 1445 233 diceret.
1498 152 1661 238 Quae
1673 167 1695 230 'i

225 252 527 311 comprobata
556 254 659 298 sunt
698 252 751 294 A.
790 250 997 308 Schdfero
1037 253 1082 294 in
1128 265 1163 294 v.
1203 251 1347 308 Sybels
1389 251 1491 294 hist.
1530 249 1777 297 zeitschr
1778 281 1782 284 -

225 321 386 364 XXIII
415 320 531 363 1870
559 333 602 376 p.
619 322 707 364 436
734 334 841 377 sqq„
870 324 921 362 ut
927 312 1132 377 praeter
1161 319 1370 380 Coelium
1396 333 1425 362 a
1444 312 1571 363 Livio
1601 311 1759 365 etiam·
1777 378 1779 381 Ι

226 389 464 437 Valerium
495 389 726 435 Antiatem
765 391 812 432 in
841 380 972 432 usum
1001 391 1212 432 vocatum
1252 401 1347 432 esse
1377 379 1515 443 putet.
1555 387 1746 447 Contra.
1855 431 1860 434 .

235 457 440 501 Vollmer:
479 459 715 513 quaeritur
746 458 862 501 unde
894 457 1002 500 belli
1031 459 1141 501 Pun.
1176 457 1362 501 secundi
1391 458 1629 516 scriptores
1657 453 1743 501 sua
1817 479 1819 481 ·

225 527 601 570 hauserint-diss.
640 527 834 582 Gotting.
862 526 975 568 1872
1015 527 1214 583 priorem
1255 526 1443 569 Nitzschi
1473 527 1744 580 sententiam
1777 533 1779 535 ·
1892 513 1941 531 ”³

225 599 403 644 secutus
433 601 612 652 praeter
642 595 860 651 Coelium,
899 596 979 650 qui
1009 607 1112 638 raro
1141 596 1184 636 in
1221 585 1351 637 usum
1383 598 1566 638 vocatus
1595 595 1665 651 sit,
1693 599 1738 637 et
1774 639 1778 642 ,

227 664 463 712 Valerium
493 665 717 707 Antiatem
758 657 906 706 etiam
937 663 1127 706 Fabium
1157 663 1383 710 Pictorem
1422 663 1585 706 fontem
1621 663 1741 705 Livii

227 745 325 774 esse
354 733 593 775 contendit.
651 733 798 775 Keller
826 743 956 773 vero:
997 731 1079 773 der
1108 733 1147 773 2.
1168 745 1288 786 pun.
1320 732 1480 785 Krieg‚
1497 731 1588 792 und
1617 732 1737 773 seine

228 800 434 857 Quellen.
464 802 680 856 Mai-burg
711 800 824 843 1875
865 813 923 843 ex
952 801 999 842 L.
1019 799 1262 856 Calpurnio
1293 800 1451 843 Pisone
1486 803 1529 843 et
1558 793 1754 854 Polybii'

228 874 274 912 et
317 870 437 912 Livii
481 871 757 913 narrationes
803 870 1059 925 desumptas
1104 881 1199 912 esse
1243 872 1402 912 censet.
1466 869 1513 912 Ο.
1556 869 1750 913 θίῑόοντε.

231 939 280 992 1)
309 940 424 982 Rom
452 939 546 982 und
565 940 809 995 Karthago,
837 939 1019 995 Leipzig
1044 937 1170 995 1876,
1199 939 1247 992 2)
1271 940 1354 982 Die
1373 939 1642 994 Fragmenta
1661 938 1747 981 des
1776 958 1780 960 -

225 1008 272 1049 L.
293 1006 471 1050 Coelius
495 1009 727 1062 Antipater
739 1008 788 1060 1).
819 1007 1078 1054 Fleckeisens
1093 1006 1246 1050 Jahrb.
1267 1007 1311 1049 X
1333 1008 1740 1063 Supplementband

229 1076 343 1119 1879
383 1077 561 1119 Livium
601 1077 649 1119 in
688 1077 870 1119 LXXI
909 1080 955 1119 et
993 1077 1145 1124 XXII
1165 1078 1306 1120 Fabio
1345 1078 1540 1133 Pictore,
1580 1077 1740 1133 Sileno,

227 1145 414 1186 Valerio
462 1145 645 1187 Antiate
695 1158 823 1186 usum
878 1156 974 1191 esse
1017 1145 1139 1187 dicit.
1212 1144 1378 1186 Contra
1425 1144 1738 1200 Heydenreich:

225 1213 396 1255 Fabius
427 1193 578 1256 Pictor
607 1213 698 1255 und
727 1214 895 1255 Livius.
953 1205 1038 1255 Ein
1070 1214 1252 1268 Beitrag
1288 1228 1367 1255 zur
1396 1218 1505 1256 rom.
1534 1213 1741 1268 Quellen-

226 1282 477 1337 forsehung,
515 1282 734 1336 Freiberg
772 1282 887 1324 1878
926 1282 1106 1323 Livium
1143 1293 1202 1323 ex
1230 1282 1374 1324 Fabio
1415 1282 1615 1323 hausisse
1643 1282 1741 1323 veri

227 1351 373 1392 simile
407 1362 494 1393 non
534 1363 629 1393 esse
669 1354 809 1406 putat.
869 1350 1057 1394 Kessler:
1095 1351 1341 1393 secundum
1381 1363 1491 1405 quos
1532 1354 1740 1393 auctores

227 1418 385 1461 Livius
426 1431 498 1461 res
539 1431 567 1460 a
597 1419 802 1475 Scipione
843 1420 1011 1462 maiore
1040 1419 1083 1461 in
1117 1419 1270 1462 Africa
1286 1422 1444 1476 gestas
1478 1419 1742 1474 narraverit.

229 1488 331 1530 diss.
360 1488 512 1530 Kiliae
541 1489 655 1530 1877
688 1502 727 1542 p.
759 1490 815 1531 14
844 1489 1025 1531 Livium
1065 1501 1166 1530 oum
1199 1477 1315 1531 alias*
1341 1490 1636 1544 posteriorum
1667 1488 1741 1530 de-

227 1557 351 1600 cadis
380 1557 448 1599 III
478 1557 701 1600 librorum
736 1562 896 1614 partes,
937 1570 1055 1613 quae
1096 1570 1198 1600 cum
1228 1558 1420 1612 Polybio
1450 1558 1737 1614 consentiunt,

229 1629 326 1667 tum
354 1627 557 1668 maxime
586 1639 658 1668 res
688 1627 733 1668 in
755 1627 909 1669 Africa
929 1630 1074 1681 gestas
1094 1639 1181 1669 non
1202 1639 1261 1668 ex
1291 1626 1512 1669 communi
1542 1626 1736 1680 quodam

229 1706 332 1736 cum
373 1694 566 1748 Polybio
605 1695 725 1737 fonte
770 1695 912 1750 (quod
957 1694 1139 1750 quidem
1185 1695 1371 1738 coniecit
1410 1693 1740 1750 Friedersdorff:

228 1763 383 1805 Livius
428 1777 468 1805 u.
513 1764 751 1817 Polybius)
796 1765 997 1805 hausisse
1042 1764 1277 1818 contendit,
1321 1763 1398 1805 sed
1440 1777 1498 1805 ex
1538 1764 1741 1805 Romano

227 1831 424 1886 quodam
465 1835 651 1874 auctore
691 1831 898 1885 (Coelio),
936 1833 1015 1887 qui
1055 1832 1241 1887 quidem
1282 1833 1377 1886 ipse
1406 1833 1646 1886 Polybium
1678 1845 1742 1874 se-

228 1903 356 1942 cutus
387 1904 501 1943 esset
531 1901 714 1953 ducem3
746 1904 924 1957 praeter
944 1900 1150 1959 Coelium
1176 1904 1326 1943 autem
1351 1902 1489 1956 ‚etiam
1512 1901 1742 1944 Valerium

227 1969 458 2012 Antiatem
489 1970 535 2011 in
567 1983 696 2011 usum
727 1982 823 2011 esse
853 1974 1076 2012 vocatum.
1135 1969 1188 2012 G.
1221 1968 1454 2025 qulhaaf:
1486 1969 1742 2023 Vei-gleich-

228 2051 320 2092 ung
349 2037 430 2079 der
469 2038 674 2081 Berichte
713 2038 791 2080 des
821 2039 1034 2092 Polybios
1073 2034 1345 2080 und'Livius
1385 2038 1497 2080 fiber
1527 2036 1614 2079 den
1649 2037 1742 2079 ital.

230 2107 370 2161 Krieg
400 2105 482 2148 der
507 2107 647 2149 Jahre
677 2107 904 2149 218—217
937 2104 1003 2150 bis
1024 2120 1106 2149 zur
1125 2107 1334 2149 Schlacht
1365 2119 1439 2148 am
1459 2106 1742 2150 Trasimener

231 2174 327 2216 See.
356 2175 511 2218 Jahrb.
539 2176 567 2217 f.
597 2175 722 2218 class.
751 2176 866 2218 Phil.
887 2176 943 2218 X.
969 2175 1010 2218 S.
1030 2175 1109 2217 Bd.
1139 2176 1368 2219 1879—80
1389 2175 1627 2229 Polybium
1656 2186 1742 2216 non

228 2243 362 2285 fuisse
402 2244 667 2298 primarium
709 2244 827 2286 Livii
865 2245 1029 2287 fontem
1059 2245 1105 2286 in
1146 2245 1174 2286 l.
1202 2244 1316 2287 XXI
1345 2247 1388 2287 et
1417 2244 1553 2286 XXII
1583 2245 1744 2286 censet.

228 2312 435 2367 Denique
465 2312 513 2355 0.
542 2311 821 2368 Hirschfeldz
847 2313 937 2355 Hat
965 2313 1120 2355 Livius
1150 2314 1214 2355 im
1244 2313 1312 2355 21.
1343 2327 1384 2355 u.
1413 2314 1481 2355 22.
1503 2313 1626 2356 Buoh
1657 2311 1743 2354 den

231 2380 391 2433 Polyb.
431 2381 644 2422 benutzt?
683 2381 893 2424 Zeitschr.
927 2382 959 2433 f.
988 2381 1031 2425 d.
1061 2385 1164 2425 ostr.
1205 2382 1257 2424 G.
1287 2381 1500 2426 XXVIII.
1535 2375 1601 2424 11.
1637 2380 1743 2422 Heft

371 2550 400 2597 ι)
449 2561 520 2595 quo
556 2549 595 2586 in
629 2550 724 2586 libro
756 2549 831 2596 ille,
867 2549 1010 2587 etiamsi
1041 2550 1088 2586 ad
1125 2550 1236 2587 alium
1268 2555 1377 2596 atque
1412 2561 1479 2596 ego
1511 2550 1654 2587 delatus
1686 2551 1744 2585 est
1828 2547 1832 2550 ’

230 2608 367 2644 exitum
391 2609 436 2645 cf.
461 2620 496 2653 p.
512 2610 594 2655 452,
617 2613 739 2645 tamen
761 2608 946 2646 nonnullis
970 2609 1060 2646 locis
1075 2609 1274 2655 probandis
1290 2610 1379 2646 mihi
1393 2608 1594 2655 praevenit.-
1617 2601 1742 2652 itique

229 2665 439 2703 necessario
463 2665 538 2713 fiet,
562 2670 604 2703 ιιι
626 2676 885 2711 nonnunquam
914 2666 1051 2704 eisdem
1073 2666 1205 2712 quibus
1234 2668 1365 2704 Gilbort
1396 2665 1621 2713 argumentis
1645 2669 1743 2701 utar·
1788 2656 1813 2678 ’·
1859 2659 1864 2671 ”
