1941 2999
805 21 817 41 ²
901 16 999 95 4⁷1³
1053 34 1055 36 ’
1100 21 1102 24 ’

94 174 119 207 ἃ
203 173 205 200 ;
273 185 296 223 '⁷
316 152 450 222 Quod
476 167 530 212 fr.
558 167 605 208 in
633 169 804 225 certum
834 166 978 210 locum
1015 167 1237 210 revocare
1266 159 1506 222 propterea
1534 168 1689 211 dificil-

106 235 132 286 ,³
172 234 345 286 ‘limum‘
384 239 461 292 est,
504 234 624 291 quod
665 236 784 278 talia.
811 235 950 279 verba
988 235 1140 278 multis
1185 235 1292 278 locis
1336 236 1428 278 dici
1451 240 1688 292 poterant.

105 333 112 353 ⁸-
139 298 141 300 ’
182 303 503 366 ,Verumtamen
543 316 600 346 ex
649 305 849 347 oratione
895 304 1090 360 quadam
1141 304 1294 361 primis
1344 305 1453 348 belli
1494 306 1604 350 Pun.
1638 307 1686 350 II

115 402 121 419 .-
163 375 303 421 ,annis
332 373 487 419 habita
515 373 631 416 ill'ud
661 375 710 417 fr.
739 378 964 429 sumptum
995 387 1090 417 esse
1119 375 1215 417 veri
1244 376 1389 418 simile
1418 379 1496 419 est.

253 438 293 486 J*-
315 442 530 498 Fragm.
569 444 655 486 30:
688 442 871 486 Nonius
901 436 943 486 s.
981 458 1023 485 v.
1062 443 1302 486 dubitatim
1341 457 1381 498 p.
1411 444 1468 487 98
1511 444 1687 488 Coelius

0 530 46 551 >
182 510 339 562 annali
360 510 479 556 libro
508 512 597 556 III:
626 512 876 567 Imperator
897 513 1148 556 conclamat
1167 512 1226 555 de
1256 513 1416 565 medio,
1449 517 1499 556 ut
1527 515 1685 556 velites

0 638 17 659 ἕ
49 598 51 600 ’
179 578 430 634 insinistro
460 592 595 624 cornu
624 586 947 639 removeantur,
987 581 1129 625 Gallis
1158 592 1242 624 non
1274 580 1510 624 dubitatim
1540 583 1687 625 inmit-

181 654 227 743 ‘a
227 652 449 777 ¹1'uu-Quod
488 719 538 762 fr.
568 732 840 776 quamquam
878 721 1078 763 referunt
1117 719 1176 762 Η.
1205 719 1334 763 Peter
1373 734 1414 776 p.
1443 720 1528 764 156
1565 724 1609 763 et
1638 721 1686 764 0.

82 845 89 851 .
122 797 124 800 ’
180 790 364 835 aubert:
405 788 480 831 die
509 789 684 844 Fragm.
724 804 764 845 p.
794 790 878 831 369
908 802 1002 845 sqq.
1030 789 1089 831 ad
1129 801 1322 844 pugnam
1352 800 1493 844 prope
1523 790 1685 847 Senam

0 866 6 875 '
120 856 126 861 “
180 859 473 921 commissam,
502 870 637 913 quam
666 858 819 900 Livius
849 858 895 900 in
915 858 1105 914 XXVII,
1127 858 1184 900 48
1210 859 1453 900 memoriae
1482 858 1687 915 prodidit,

180 933 330 972 tamen
358 926 673 971 difficillimum
693 932 759 971 est
790 932 963 970 certum
991 928 1166 983 aliquid
1196 928 1407 984 proferre,
1439 941 1543 970 cum
1572 929 1684 971 illud

179 997 247 1040 ad,
261 997 520 1053 *quamlibet
547 997 640 1039 fere
668 1009 865 1053 pugnam
895 997 1002 1040 belli
1021 996 1178 1039 Punici
1195 995 1381 1038 secundi
1401 997 1557 1039 referri
1586 1009 1684 1053 pos-

179 1067 236 1109 sit
275 1066 347 1119 (cf.
384 1066 478 1108 Liv.
517 1065 686 1118 XXIII,
727 1067 794 1122 24,
833 1066 1021 1118 XXVII,
1062 1066 1127 1108 12.
1170 1067 1237 1121 15,
1275 1066 1465 1121 XXVII,
1502 1066 1593 1120 42).
1634 1067 1687 1108 cf.

180 1134 316 1176 ctiam
348 1133 508 1190 Sieqlin
539 1145 578 1187 p.
610 1133 675 1176 11.

314 1202 526 1257 Fragm.
567 1203 654 1245 31:
704 1202 824 1244 Serv.
864 1202 923 1244 ad
961 1203 1093 1257 Verg.
1133 1202 1292 1257 Georg.
1335 1202 1370 1256 I,
1412 1203 1466 1244 77
1507 1201 1685 1245 Coelius

180 1271 297 1314 libro
327 1271 458 1312 tertio
488 1271 577 1313 seri
606 1282 795 1314 avenam
827 1270 1025 1313 ostendit.

316 1339 365 1382 Ο.
397 1339 577 1382 Gilbert:
616 1339 703 1381 Die
743 1340 918 1394 Fragm.
956 1354 1001 1395 p.
1031 1340 1126 1395 ι388
1161 1353 1255 1395 sqq.
1295 1341 1405 1383 haec
1444 1340 1587 1383 verba
1626 1352 1685 1382 ex

178 1409 474 1463 descriptione
504 1408 601 1463 agri
627 1408 798 1464 Gallici,
837 1420 975 1464 quam
1005 1407 1181 1451 Coelius
1216 1410 1463 1452 narrationi
1490 1421 1599 1451 suae
1627 1408 1686 1451 de

180 1478 374 1521 adventu
418 1477 710 1521 Hasdrubalis
754 1478 801 1520 in
848 1478 1031 1521 Italiam
1074 1479 1340 1535 intexuerit,
1388 1479 1547 1521 hausta
1591 1491 1684 1522 esse

178 1550 317 1604 putat.
375 1546 461 1590 Sed
503 1548 657 1590 tertius
695 1547 813 1590 liber
842 1546 1080 1591 Coelianus
1118 1560 1222 1590 mea
1257 1547 1439 1604 quidem
1469 1548 1685 1591 sententia

177 1628 265 1660 non
296 1630 433 1672 usque
464 1616 520 1659 ad
550 1614 716 1659 annum
745 1618 828 1659 207
860 1630 898 1660 a.
928 1614 1030 1659 Chr.
1059 1618 1279 1672 pertinere
1308 1617 1466 1674 potuit.
1523 1617 1685 1660 Melius

177 1680 256 1728 ille
286 1686 401 1728 liber
430 1687 555 1728 annis
584 1686 833 1728 214-213
861 1686 1099 1742 respondet
1120 1689 1163 1728 et
1193 1687 1243 1729 fr.
1273 1687 1461 1729 fortasse
1491 1685 1610 1728 cadit
1639 1686 1686 1727 in

176 1745 452 1798 narrationes
492 1755 742 1811 cuiuspiam
781 1754 1006 1809 (Capuae)
1046 1756 1227 1798 urbium
1268 1756 1338 1798 his
1377 1755 1501 1797 annis
1541 1755 1686 1797 obses-

177 1837 340 1867 sarum.

313 1893 529 1948 Fragm.
569 1890 654 1935 32:
692 1890 888 1935 Priscian
926 1892 994 1934 IX
1033 1907 1075 1948 p.
1104 1893 1188 1935 869
1219 1894 1267 1934 P.
1300 1892 1388 1934 484
1416 1892 1469 1934 H.
1500 1890 1679 1935 Caelius

176 1961 221 2003 in
252 1961 341 2006 IV:
371 1960 638 2005 Custodibus
668 1960 868 2012 discessis
896 1960 1028 2004 multi
1057 1960 1388 2004 interficiuntur.
1597 1957 1600 1960 ’

315 2031 466 2075 Verba
485 2033 720 2086 fragmenti
740 2035 858 2073 certe
877 2043 936 2073 ex
959 2031 1217 2072 narratione
1247 2031 1369 2072 urbis
1397 2034 1682 2085 oppugnatae

177 2101 354 2155 sumpta
383 2103 497 2154 sunt,
527 2101 709 2143 sortasse
740 2099 798 2155 (si
817 2100 1044 2155 sequimur
1062 2098 1294 2155 Sieylinum
1324 2113 1366 2155 p.
1391 2098 1466 2153 21)
1498 2099 1680 2142 Tarenti

177 2169 292 2220 (Liv.
311 2168 456 2224 XXV,
475 2170 516 2210 9.
535 2169 611 2223 15)
633 2180 747 2211 anno
768 2167 865 2224 212,
895 2169 1018 2210 cuius
1049 2169 1152 2210 anni
1182 2179 1251 2209 res
1280 2170 1428 2222 gestas
1457 2169 1502 2209 in
1522 2172 1683 2223 quarto

175 2237 292 2280 libro
321 2249 350 2279 a
379 2236 533 2281 Coelio
562 2238 748 2281 traditas
779 2250 873 2281 esse
901 2238 997 2280 veri
1025 2237 1300 2280 simillimum
1330 2240 1408 2280 est.

315 2305 527 2360 Fragm.
575 2308 659 2349 342
715 2305 806 2349 Cic.
850 2306 908 2348 de
951 2307 1039 2349 div.
1082 2307 1115 2361 I,
1149 2306 1216 2348 24.
1249 2306 1329 2349 48:
1384 2305 1683 2349 Hannibalem

176 2375 356 2421 Coelius
385 2376 552 2431 scribit,
582 2388 683 2419 cum
705 2377 956 2419 columnam
987 2388 1185 2430 auream,
1215 2387 1335 2431 quae
1364 2379 1477 2423 esset
1505 2376 1550 2417 in
1581 2377 1682 2418 fano

169 2446 356 2488 *sunonis
401 2444 625 2502 Laciniae,
667 2446 843 2488 auferre
885 2445 1032 2500 vellet,
1076 2444 1392 2499 dubitaretque
1437 2447 1588 2486 utrum
1626 2456 1681 2487 ea

174 2513 315 2558 solida
345 2518 458 2557 esset
492 2526 550 2557 an
578 2515 849 2558 extrinsecus
877 2515 1095 2569 inaurata,
1133 2514 1525 2569 perterebravisse,
1563 2528 1681 2556 cum-

175 2596 265 2639 que
293 2582 482 2626 solidam
500 2584 752 2639 invenisset,
781 2584 986 2627 statuisse
1005 2584 1187 2638 tollere;
1217 2584 1259 2626 ei
1288 2583 1531 2628 secundum
1561 2584 1681 2639 quie·

175 2657 262 2697 tem
284 2653 426 2695 visam
447 2664 542 2698 esse
562 2654 588 2696 J
592 2665 782 2698 unonem
803 2652 1075 2711 praedicere,
1093 2665 1149 2696 ne
1170 2653 1215 2697 id
1234 2654 1411 2707 faceret,
1432 2654 1682 2709 minarique
