1941 2999
201 193 407 239 terram
453 193 706 247 evasissent,
750 191 946 242 tradidit.
1017 187 1114 235 Hoc
1156 194 1302 246 igitur
1330 193 1435 236 luce
1477 176 1672 249 clarius

239 258 442 302 Livium
462 257 723 306 insolentem
775 260 903 311 illam
946 260 1249 309 narrationem
1293 260 1348 304 de
1402 250 1661 307 traiectione
1673 247 1797 323 'insu-‘5

239 328 394 384 capite
416 329 470 370 27
500 332 703 373 secutum
743 340 830 372 non
871 341 977 372 esse.
1035 329 1206 374 Kessler
1245 329 1321 384 (p.
1335 330 1412 384 27)
1453 329 1595 377 Goelii
1634 331 1758 391 frag-

241 401 443 440 mentum
481 397 584 454 411)
624 411 724 441 cum
763 398 892 442 Livio
931 398 1103 456 XXIX,
1125 398 1210 457 27.
1247 398 1304 442 13
1345 406 1389 443 et
1428 398 1592 454 2812)
1616 388 1775 463 com-s

239 479 410 524 parans
444 467 646 511 Coelium
684 468 811 511 duas
832 470 1110 512 narrationes
1150 472 1195 512 et
1223 481 1379 513 veram
1408 473 1452 512 et
1480 464 1630 518 fictam
1657 458 1748 513 me
1787 500 1809 508 .«
1880 502 1935 534 ,47

241 537 414 580 moriae
463 537 712 594 prodidisse
755 538 1026 593 Liviumque
1080 538 1183 581 illas
1227 539 1548 582 contaminasse
1593 531 1750 582 censet.
1784 533 1825 589 j.

240 606 327 648 Sed
359 610 407 648 ut
436 607 588 649 statim
627 607 712 649 hoc
752 617 1165 662 commemoremus,
1206 609 1301 650 veri
1340 608 1616 651 simillimum
1645 604 1746 651 'esse'
1791 626 1806 630 ·-
1837 602 1941 671 [ἐζ-β

239 677 449 732 putamus
468 675 662 719 Nonium
685 676 764 732 qui
790 676 875 718 hoc
905 676 956 719 fr.
978 676 1121 732 affert,
1150 677 1455 720 narrationem
1485 675 1747 719 Coelianam

241 745 527 802 contraxisse,
555 745 621 788 ita
641 748 692 787 ut
713 759 771 789 ex
790 752 843 788 eo
864 756 952 787 non
972 747 1140 788 temere
1158 745 1349 788 nimium
1369 745 1582 800 colligere
1600 746 1747 788 liceat.

238 814 306 857 Eo
335 815 485 871 igitur,
513 815 634 870 quod
653 815 808 857 Livius
828 814 1028 858 diversas
1058 814 1158 857 illas
1188 813 1314 857 Coeli
1343 814 1620 858 narrationes
1649 826 1747 860 con.-

237 884 537 941 taminaverit,
566 885 701 927 nixus
729 884 901 928 Ksssler
930 882 1144 929 Coeliana
1173 884 1361 938 vestigia
1389 884 1436 925 in
1466 895 1562 940 cap.
1597 883 1665 926 25.
1689 881 1745 926 12

239 953 608 997 animadvertisse
638 954 746 1009 vult,
780 966 884 996 cum
915 953 1056 995 dicat:
1096 952 1266 995 Auctor
1295 955 1361 994 est
1390 953 1544 994 Livius
1573 953 1621 1002 in
1648 965 1746 1009 cap.

236 1019 293 1064 25
323 1022 398 1066 lib.
437 1019 593 1064 XXIX
633 1022 883 1078 Scipionem
924 1021 1295 1076 gubernatoribus
1336 1024 1387 1063 ιιι
1426 1021 1642 1078 Emporia
1670 1034 1744 1078 pe-

236 1094 393 1146 terent,
421 1090 636 1144 edixisse;
666 1094 713 1133 at
731 1091 853 1134 idem
873 1090 1025 1132 Livius
1046 1092 1090 1132 in
1116 1102 1211 1145 cap.
1231 1088 1286 1145 27
1307 1089 1365 1132 ad
1385 1082 1745 1144 promunturium

239 1159 483 1203 Pulchrum
514 1161 560 1203 in
600 1163 767 1204 terram
808 1172 1035 1204 escensum
1077 1171 1171 1203 esse
1211 1162 1412 1202 autumat
1450 1159 1574 1202 nulla
1613 1172 1749 1213 causa

240 1228 407 1286 addita,
437 1241 517 1271 cur
546 1241 616 1271 res
648 1230 823 1272 exitum
863 1240 950 1272 non
981 1229 1207 1281 habuerit:
1255 1228 1460 1271 Alterum
1490 1230 1748 1286 exemplum

238 1298 362 1341 idem
390 1299 516 1342 locus
555 1299 752 1356 praebet,
792 1310 883 1354 quo
912 1296 1091 1341 Coelius
1133 1298 1368 1354 abreptam
1397 1301 1659 1352 tempestate
1688 1299 1746 1342 ab

241 1367 393 1410 Africa
414 1367 601 1410 classem
623 1367 681 1410 ad
701 1367 892 1414 insulam
911 1367 1209 1421 Aegimurum
1228 1378 1362 1423 aegre
1381 1366 1484 1409 inde
1501 1367 1758 1410 correxisse‘

241 1449 422 1479 cursum
453 1437 610 1491 tradit3
634 1449 728 1501 quo
747 1439 900 1479 autem
920 1449 1100 1480 cursum
1121 1436 1336 1478 direxerit
1365 1449 1390 1478 e
1410 1448 1506 1491 cap.
1527 1437 1582 1478 25
1612 1426 1746 1493 patet,

239 1506 285 1546 in
317 1517 408 1561 quo
436 1505 653 1561 Emporia
693 1503 931 1548 tetendisse
970 1504 1224 1560 Scipionem
1253 1504 1403 1546 Livius
1434 1505 1629 1560 exponit.
1688 1504 1747 1547 At

240 1574 353 1617 mire
372 1573 597 1631 discrepat
615 1574 769 1617 Livius
787 1575 836 1616 in
855 1585 951 1630 cap.
971 1571 1026 1616 27
1047 1573 1106 1617 ad
1126 1574 1481 1629 promunturium
1502 1574 1748 1618 Pulchrum

236 1643 420 1687 classem
452 1644 679 1699 appulisse
707 1655 907 1684 narrans.

373 1712 498 1755 Idem
520 1726 578 1755 ex
597 1711 752 1756 Coelio
773 1699 909 1754 etiam
931 1711 1163 1755 Livianam
1192 1713 1494 1754 narrationem
1524 1712 1571 1754 in
1599 1712 1747 1770 XXX,

240 1782 308 1823 24.
338 1783 364 1822 5
394 1794 488 1837 sqq.
527 1781 707 1824 fluxisse
735 1780 925 1823 iudicatt
964 1781 1277 1823 Pei-currentes
1296 1781 1436 1836 enim,
1464 1783 1513 1822 ut
1542 1781 1618 1837 ait,
1647 1781 1746 1824 Livi

240 1853 376 1906 caput
405 1848 464 1893 24
492 1850 601 1892 libri
620 1849 757 1894 XXX
785 1850 936 1892 statim
967 1849 1259 1892 recordamur
1279 1847 1470 1892 Octavio
1499 1841 1744 1892 secundum

235 1921 417 1963 Livium
456 1920 628 1976 (XXX,
668 1920 735 1962 24.
775 1922 802 1962 5
841 1922 957 1975 sqq.)
997 1920 1210 1962 accidisse
1243 1920 1378 1978 idem,
1416 1920 1534 1975 quod
1565 1918 1746 1965 Coelius
1822 1939 1853 1964 .·
1882 1892 1890 1905 r

235 1989 357 2047 apud
397 1990 576 2033 Livium
616 1989 807 2047 (XXIX,
847 1990 925 2044 27)
965 1983 1164 2046 Scipioni
1196 1989 1250 2036 inv
1281 1989 1481 2032 Africam
1521 1989 1746 2033 traicienti

234 2059 453 2102 accidisse
472 2059 637 2116 prodit.
662 2083 665 2086 ·
697 2060 1015 2103 Verumtamen
1034 2061 1298 2114 argumenta
1316 2059 1409 2115 illa,
1439 2060 1606 2115 quippe
1627 2072 1745 2116 quae

233 2130 281 2171 in
310 2129 570 2171 coniectura
599 2130 741 2183 posita
769 2128 868 2185 sint,
897 2140 983 2172 non
1012 2129 1117 2171 satis
1138 2128 1298 2182 gravia
1326 2141 1422 2171 esse
1453 2129 1562 2170 mihi
1594 2128 1744 2173 viden-

235 2203 319 2254 tur,
358 2201 409 2240 ut
447 2209 508 2240 ex
547 2198 604 2239 iis
635 2196 841 2240 Coelium
880 2198 1031 2254 ipsum
1069 2209 1098 2239 a
1126 2197 1256 2240 Livio
1293 2197 1338 2238 in
1379 2210 1507 2239 usum
1537 2201 1743 2241 vocatum

236 2278 332 2309 esse
363 2266 618 2309 confirmari
648 2267 792 2320 possit.

376 2450 404 2496 ¹)
451 2448 595 2488 Nonius
620 2460 649 2486 s.
673 2460 703 2484 v
737 2449 867 2486 metari
897 2460 932 2495 p.
967 2450 1033 2486 137
1066 2448 1211 2486 Coelius
1245 2449 1366 2487 annal.
1389 2448 1483 2486 libro
1507 2448 1575 2486 VI:
1612 2450 1770 2488 Omnes*

234 2509 341 2546 simul
364 2512 501 2545 terram
534 2515 615 2548 cum
648 2507 758 2544 classi
793 2507 981 2553 accedunt,
1011 2506 1165 2543 navibus
1194 2494 1303 2552 atque
1327 2507 1472 2553 scaphis
1497 2508 1745 2554 egrediuntur,

234 2570 357 2603 castra
380 2565 508 2602 metati
530 2565 639 2610 signa
661 2568 837 2601 statuunt.

318 2636 322 2638 ’
373 2624 407 2670 ⁹)
451 2624 509 2661 Eo
533 2623 663 2661 classis
680 2623 854 2670 decurrit,
877 2623 1074 2669 copiaeque
1090 2632 1214 2660 omnes
1230 2622 1269 2659 in
1284 2626 1419 2660 terram
1435 2623 1624 2669 expositae
1647 2627 1744 2660 sunt.

236 2682 425 2728 Expositis
449 2681 564 2727 copiis
589 2681 745 2721 Romani
769 2686 891 2718 castra
913 2681 952 2718 in
975 2681 1150 2727 proximis
1175 2680 1322 2718 tumulis
1346 2684 1538 2717 metantur.

1620 2777 1660 2798 Ν...
