<?xml version="1.0" encoding="UTF-8"?>
<!DOCTYPE html PUBLIC "-//W3C//DTD XHTML 1.0 Transitional//EN"
    "http://www.w3.org/TR/xhtml1/DTD/xhtml1-transitional.dtd">
<html xmlns="http://www.w3.org/1999/xhtml" xml:lang="en" lang="en">
 <head>
  <title>
</title>
<meta http-equiv="Content-Type" content="text/html;charset=utf-8" />
  <meta name='ocr-system' content='tesseract 3.04.00' />
  <meta name='ocr-capabilities' content='ocr_page ocr_carea ocr_par ocr_line ocrx_word'/>
</head>
<body>
  <div class='ocr_page' id='page_1' title='image "4737869_0048.png"; bbox 0 0 1941 2999; ppageno 0'>
   <div class='ocr_carea' id='block_1_1' title="bbox 0 0 191 210">
    <p class='ocr_par' dir='ltr' id='par_1_1' title="bbox 0 0 191 210">
     <span class='ocr_line' id='line_1_1' title="bbox 0 0 191 210; baseline 0 0"><span class='ocrx_word' id='word_1_1' title='bbox 0 0 191 210; x_wconf 95' lang='lat' dir='ltr'><strong>  </strong></span> 
     </span>
    </p>
   </div>
   <div class='ocr_carea' id='block_1_2' title="bbox 912 41 1010 115">
    <p class='ocr_par' dir='ltr' id='par_1_2' title="bbox 912 41 1010 115">
     <span class='ocr_line' id='line_1_2' title="bbox 912 41 1010 115; baseline -0.01 0"><span class='ocrx_word' id='word_1_2' title='bbox 912 41 1010 115; x_wconf 65' lang='lat'><strong>3¹7&gt;</strong></span> 
     </span>
    </p>
   </div>
   <div class='ocr_carea' id='block_1_3' title="bbox 855 133 1026 138">
    <p class='ocr_par' dir='ltr' id='par_1_3' title="bbox 855 133 1026 138">
     <span class='ocr_line' id='line_1_3' title="bbox 855 133 1026 138; baseline 0 0"><span class='ocrx_word' id='word_1_3' title='bbox 855 133 1026 138; x_wconf 95' lang='lat' dir='ltr'><strong> </strong></span> 
     </span>
    </p>
   </div>
   <div class='ocr_carea' id='block_1_4' title="bbox 0 186 1693 453">
    <p class='ocr_par' dir='ltr' id='par_1_4' title="bbox 0 170 1693 453">
     <span class='ocr_line' id='line_1_4' title="bbox 185 186 1688 247; baseline 0.002 -18.587"><span class='ocrx_word' id='word_1_4' title='bbox 185 190 372 247; x_wconf 57' lang='lat' dir='ltr'><strong>omani)</strong></span> <span class='ocrx_word' id='word_1_5' title='bbox 410 189 482 232; x_wconf 75' lang='lat' dir='ltr'><strong>vel</strong></span> <span class='ocrx_word' id='word_1_6' title='bbox 520 189 566 230; x_wconf 79' lang='lat' dir='ltr'><strong>in</strong></span> <span class='ocrx_word' id='word_1_7' title='bbox 604 188 776 244; x_wconf 83' lang='lat' dir='ltr'><strong>xxm,</strong></span> <span class='ocrx_word' id='word_1_8' title='bbox 816 188 884 230; x_wconf 85' lang='lat'><strong>26.</strong></span> <span class='ocrx_word' id='word_1_9' title='bbox 925 188 981 231; x_wconf 85' lang='lat'><strong>11</strong></span> <span class='ocrx_word' id='word_1_10' title='bbox 1022 190 1094 230; x_wconf 66' lang='lat' dir='ltr'><strong>vel</strong></span> <span class='ocrx_word' id='word_1_11' title='bbox 1133 190 1178 230; x_wconf 77' lang='lat' dir='ltr'><strong>in</strong></span> <span class='ocrx_word' id='word_1_12' title='bbox 1216 186 1394 231; x_wconf 74' lang='lat' dir='ltr'><strong>Africae</strong></span> <span class='ocrx_word' id='word_1_13' title='bbox 1433 189 1688 245; x_wconf 72' lang='lat' dir='ltr'>regionibus</span> 
     </span>
     <span class='ocr_line' id='line_1_5' title="bbox 0 240 1693 318; baseline 0.005 -25"><span class='ocrx_word' id='word_1_14' title='bbox 0 240 106 301; x_wconf 33' lang='grc' dir='ltr'><strong>ΞΝ,</strong></span> <span class='ocrx_word' id='word_1_15' title='bbox 159 292 163 295; x_wconf 48' lang='lat'><strong>.</strong></span> <span class='ocrx_word' id='word_1_16' title='bbox 186 259 498 318; x_wconf 66' lang='lat' dir='ltr'><strong>describendi8‚</strong></span> <span class='ocrx_word' id='word_1_17' title='bbox 518 256 578 299; x_wconf 88' lang='lat' dir='ltr'><strong>ad</strong></span> <span class='ocrx_word' id='word_1_18' title='bbox 599 266 734 313; x_wconf 84' lang='lat' dir='ltr'><strong>quam</strong></span> <span class='ocrx_word' id='word_1_19' title='bbox 754 268 850 299; x_wconf 88' lang='lat' dir='ltr'><strong>rem</strong></span> <span class='ocrx_word' id='word_1_20' title='bbox 866 255 1019 300; x_wconf 81' lang='lat' dir='ltr'><strong>Coelio</strong></span> <span class='ocrx_word' id='word_1_21' title='bbox 1035 257 1142 299; x_wconf 80' lang='lat' dir='ltr'><strong>data</strong></span> <span class='ocrx_word' id='word_1_22' title='bbox 1160 260 1226 300; x_wconf 79' lang='lat' dir='ltr'><strong>est</strong></span> <span class='ocrx_word' id='word_1_23' title='bbox 1240 258 1415 301; x_wconf 77' lang='lat' dir='ltr'><strong>occasio</strong></span> <span class='ocrx_word' id='word_1_24' title='bbox 1429 258 1693 301; x_wconf 83' lang='lat' dir='ltr'><strong>traiectione</strong></span> 
     </span>
     <span class='ocr_line' id='line_1_6' title="bbox 46 316 1692 386; baseline 0 -16"><span class='ocrx_word' id='word_1_25' title='bbox 4 316 110 386; x_wconf 48' lang='lat' dir='ltr'><strong>‘ff&#39;</strong></span> <span class='ocrx_word' id='word_1_26' title='bbox 142 317 413 386; x_wconf 65' lang='lat' dir='ltr'><strong>&#39;copiarum</strong></span> <span class='ocrx_word' id='word_1_27' title='bbox 453 324 668 383; x_wconf 80' lang='lat' dir='ltr'>Scipionis</span> <span class='ocrx_word' id='word_1_28' title='bbox 707 326 752 368; x_wconf 89' lang='lat' dir='ltr'><strong>in</strong></span> <span class='ocrx_word' id='word_1_29' title='bbox 782 326 981 368; x_wconf 88' lang='lat' dir='ltr'><strong>Africam</strong></span> <span class='ocrx_word' id='word_1_30' title='bbox 1020 327 1150 369; x_wconf 87' lang='lat' dir='ltr'><strong>facta.</strong></span> <span class='ocrx_word' id='word_1_31' title='bbox 1217 327 1320 369; x_wconf 83' lang='lat' dir='ltr'><strong>Sine</strong></span> <span class='ocrx_word' id='word_1_32' title='bbox 1359 327 1498 371; x_wconf 90' lang='lat' dir='ltr'><strong>dubio</strong></span> <span class='ocrx_word' id='word_1_33' title='bbox 1538 330 1692 370; x_wconf 83' lang='lat' dir='ltr'><strong>autem</strong></span> 
     </span>
     <span class='ocr_line' id='line_1_7' title="bbox 7 392 1124 453; baseline -0.002 -15"><span class='ocrx_word' id='word_1_34' title='bbox 7 399 27 418; x_wconf 59' lang='lat' dir='ltr'><strong>’s</strong></span> <span class='ocrx_word' id='word_1_35' title='bbox 54 404 56 406; x_wconf 78' lang='grc'>’</span> <span class='ocrx_word' id='word_1_36' title='bbox 143 392 236 452; x_wconf 47' lang='lat' dir='ltr'><strong>{ft-</strong></span> <span class='ocrx_word' id='word_1_37' title='bbox 265 397 330 440; x_wconf 86' lang='lat' dir='ltr'><strong>ad·</strong></span> <span class='ocrx_word' id='word_1_38' title='bbox 351 394 520 442; x_wconf 73' lang='lat' dir='ltr'><strong>bellum</strong></span> <span class='ocrx_word' id='word_1_39' title='bbox 551 394 892 453; x_wconf 83' lang='lat' dir='ltr'><strong>Hannibalicum</strong></span> <span class='ocrx_word' id='word_1_40' title='bbox 922 394 1124 450; x_wconf 77' lang='lat' dir='ltr'><strong>quadrat.</strong></span> 
     </span>
    </p>
   </div>
   <div class='ocr_carea' id='block_1_5' title="bbox 144 502 1693 727">
    <p class='ocr_par' dir='ltr' id='par_1_5' title="bbox 144 502 1693 727">
     <span class='ocr_line' id='line_1_8' title="bbox 144 502 1693 590; baseline -0.001 -13"><span class='ocrx_word' id='word_1_41' title='bbox 144 584 167 590; x_wconf 17' lang='lat' dir='ltr'><strong>ff</strong></span> <span class='ocrx_word' id='word_1_42' title='bbox 323 534 490 589; x_wconf 82' lang='lat' dir='ltr'><strong>Restat,</strong></span> <span class='ocrx_word' id='word_1_43' title='bbox 530 534 578 575; x_wconf 89' lang='lat' dir='ltr'><strong>ut</strong></span> <span class='ocrx_word' id='word_1_44' title='bbox 606 502 752 588; x_wconf 86' lang='lat' dir='ltr'><strong>pauca</strong></span> <span class='ocrx_word' id='word_1_45' title='bbox 782 531 984 575; x_wconf 84' lang='lat' dir='ltr'><strong>dicamus</strong></span> <span class='ocrx_word' id='word_1_46' title='bbox 1023 531 1091 574; x_wconf 90' lang='lat' dir='ltr'><strong>de</strong></span> <span class='ocrx_word' id='word_1_47' title='bbox 1131 533 1202 575; x_wconf 84' lang='lat' dir='ltr'><strong>iis</strong></span> <span class='ocrx_word' id='word_1_48' title='bbox 1240 533 1299 575; x_wconf 78' lang='lat' dir='ltr'><strong>fr.</strong></span> <span class='ocrx_word' id='word_1_49' title='bbox 1339 531 1508 589; x_wconf 80' lang='lat' dir='ltr'><strong>GoeL,</strong></span> <span class='ocrx_word' id='word_1_50' title='bbox 1522 546 1693 589; x_wconf 87' lang='lat' dir='ltr'><strong>quae</strong></span> 
     </span>
     <span class='ocr_line' id='line_1_9' title="bbox 187 602 994 660; baseline -0.003 -15"><span class='ocrx_word' id='word_1_51' title='bbox 187 603 346 660; x_wconf 87' lang='lat' dir='ltr'><strong>apud</strong></span> <span class='ocrx_word' id='word_1_52' title='bbox 369 602 584 651; x_wconf 81' lang='lat' dir='ltr'><strong>Livium</strong></span> <span class='ocrx_word' id='word_1_53' title='bbox 614 612 722 643; x_wconf 89' lang='lat' dir='ltr'><strong>non</strong></span> <span class='ocrx_word' id='word_1_54' title='bbox 752 603 994 643; x_wconf 84' lang='lat' dir='ltr'><strong>exstant.</strong></span> 
     </span>
     <span class='ocr_line' id='line_1_10' title="bbox 323 670 1692 727; baseline 0.001 -13"><span class='ocrx_word' id='word_1_55' title='bbox 323 673 538 726; x_wconf 85' lang='lat' dir='ltr'><strong>Fragm.</strong></span> <span class='ocrx_word' id='word_1_56' title='bbox 577 672 602 713; x_wconf 88' lang='lat'>1</span> <span class='ocrx_word' id='word_1_57' title='bbox 643 670 751 724; x_wconf 85' lang='lat' dir='ltr'><strong>(Cic.</strong></span> <span class='ocrx_word' id='word_1_58' title='bbox 791 675 899 713; x_wconf 84' lang='lat' dir='ltr'><strong>orat.</strong></span> <span class='ocrx_word' id='word_1_59' title='bbox 938 671 1006 727; x_wconf 98' lang='grc'><strong>69,</strong></span> <span class='ocrx_word' id='word_1_60' title='bbox 1045 670 1147 727; x_wconf 87' lang='grc'>229)</span> <span class='ocrx_word' id='word_1_61' title='bbox 1187 675 1232 714; x_wconf 87' lang='lat' dir='ltr'><strong>et</strong></span> <span class='ocrx_word' id='word_1_62' title='bbox 1272 672 1297 713; x_wconf 91' lang='lat'>2</span> <span class='ocrx_word' id='word_1_63' title='bbox 1339 671 1553 727; x_wconf 76' lang='lat' dir='ltr'>(Priscian</span> <span class='ocrx_word' id='word_1_64' title='bbox 1583 673 1692 716; x_wconf 88' lang='lat' dir='ltr'><strong>VIII</strong></span> 
     </span>
    </p>
   </div>
   <div class='ocr_carea' id='block_1_6' title="bbox 13 703 1692 813">
    <p class='ocr_par' dir='ltr' id='par_1_6' title="bbox 13 703 1692 813">
     <span class='ocr_line' id='line_1_11' title="bbox 13 703 1692 813; baseline -0.002 -27"><span class='ocrx_word' id='word_1_65' title='bbox 13 806 18 813; x_wconf 25' lang='lat'>&lt;</span> <span class='ocrx_word' id='word_1_66' title='bbox 113 703 252 799; x_wconf 61' lang='lat' dir='ltr'><strong>¹Vp.</strong></span> <span class='ocrx_word' id='word_1_67' title='bbox 259 740 343 785; x_wconf 83' lang='grc'><strong>792</strong></span> <span class='ocrx_word' id='word_1_68' title='bbox 377 742 424 784; x_wconf 90' lang='grc' dir='ltr'><strong>Ρ.</strong></span> <span class='ocrx_word' id='word_1_69' title='bbox 465 753 507 795; x_wconf 89' lang='lat' dir='ltr'><strong>p.</strong></span> <span class='ocrx_word' id='word_1_70' title='bbox 539 729 625 783; x_wconf 81' lang='lat'><strong>383</strong></span> <span class='ocrx_word' id='word_1_71' title='bbox 655 739 728 793; x_wconf 88' lang='lat' dir='ltr'><strong>H.)</strong></span> <span class='ocrx_word' id='word_1_72' title='bbox 769 751 828 782; x_wconf 87' lang='lat' dir='ltr'><strong>ex</strong></span> <span class='ocrx_word' id='word_1_73' title='bbox 866 740 1094 796; x_wconf 82' lang='lat' dir='ltr'><strong>prooemio</strong></span> <span class='ocrx_word' id='word_1_74' title='bbox 1133 739 1346 783; x_wconf 82' lang='lat' dir='ltr'><strong>Coeliano</strong></span> <span class='ocrx_word' id='word_1_75' title='bbox 1385 739 1495 783; x_wconf 84' lang='lat' dir='ltr'><strong>belli</strong></span> <span class='ocrx_word' id='word_1_76' title='bbox 1534 741 1692 783; x_wconf 89' lang='lat' dir='ltr'><strong>Punici</strong></span> 
     </span>
    </p>
   </div>
   <div class='ocr_carea' id='block_1_7' title="bbox 187 810 1693 1141">
    <p class='ocr_par' dir='ltr' id='par_1_7' title="bbox 187 810 716 865">
     <span class='ocr_line' id='line_1_12' title="bbox 187 810 716 865; baseline -0.006 -11"><span class='ocrx_word' id='word_1_77' title='bbox 187 810 370 854; x_wconf 86' lang='lat' dir='ltr'><strong>secundi</strong></span> <span class='ocrx_word' id='word_1_78' title='bbox 397 813 577 865; x_wconf 83' lang='lat' dir='ltr'><strong>sumpta</strong></span> <span class='ocrx_word' id='word_1_79' title='bbox 603 812 716 852; x_wconf 82' lang='lat' dir='ltr'><strong>sunt.</strong></span> 
     </span>
    </p>

    <p class='ocr_par' dir='ltr' id='par_1_8' title="bbox 187 875 1688 1072">
     <span class='ocr_line' id='line_1_13' title="bbox 324 875 1688 933; baseline -0.001 -13"><span class='ocrx_word' id='word_1_80' title='bbox 324 879 538 933; x_wconf 82' lang='lat' dir='ltr'><strong>Fragm.</strong></span> <span class='ocrx_word' id='word_1_81' title='bbox 567 879 616 921; x_wconf 87' lang='lat'><strong>3.</strong></span> <span class='ocrx_word' id='word_1_82' title='bbox 645 878 843 920; x_wconf 79' lang='lat' dir='ltr'><strong>Priscian</strong></span> <span class='ocrx_word' id='word_1_83' title='bbox 863 877 974 919; x_wconf 79' lang='lat' dir='ltr'><strong>XIII</strong></span> <span class='ocrx_word' id='word_1_84' title='bbox 994 892 1036 933; x_wconf 89' lang='lat' dir='ltr'><strong>p.</strong></span> <span class='ocrx_word' id='word_1_85' title='bbox 1055 878 1142 919; x_wconf 88' lang='grc'><strong>960</strong></span> <span class='ocrx_word' id='word_1_86' title='bbox 1161 878 1209 920; x_wconf 92' lang='grc' dir='ltr'><strong>Ρ.</strong></span> <span class='ocrx_word' id='word_1_87' title='bbox 1227 877 1271 919; x_wconf 92' lang='lat'><strong>11</strong></span> <span class='ocrx_word' id='word_1_88' title='bbox 1299 890 1340 931; x_wconf 88' lang='lat' dir='ltr'><strong>p.</strong></span> <span class='ocrx_word' id='word_1_89' title='bbox 1359 877 1388 919; x_wconf 90' lang='lat'>8</span> <span class='ocrx_word' id='word_1_90' title='bbox 1408 876 1462 918; x_wconf 89' lang='lat' dir='ltr'><strong>H.</strong></span> <span class='ocrx_word' id='word_1_91' title='bbox 1509 875 1688 919; x_wconf 84' lang='lat' dir='ltr'><strong>Caelius</strong></span> 
     </span>
     <span class='ocr_line' id='line_1_14' title="bbox 187 945 1692 1003; baseline -0.001 -13"><span class='ocrx_word' id='word_1_92' title='bbox 187 949 234 991; x_wconf 89' lang='lat' dir='ltr'><strong>in</strong></span> <span class='ocrx_word' id='word_1_93' title='bbox 262 948 306 990; x_wconf 90' lang='lat' dir='ltr'><strong>I:</strong></span> <span class='ocrx_word' id='word_1_94' title='bbox 346 947 503 1002; x_wconf 83' lang='lat' dir='ltr'>Neque</span> <span class='ocrx_word' id='word_1_95' title='bbox 542 947 627 1001; x_wconf 85' lang='lat' dir='ltr'><strong>ipsi</strong></span> <span class='ocrx_word' id='word_1_96' title='bbox 668 958 743 989; x_wconf 85' lang='lat' dir='ltr'><strong>eos</strong></span> <span class='ocrx_word' id='word_1_97' title='bbox 781 946 862 989; x_wconf 86' lang='lat' dir='ltr'><strong>alii</strong></span> <span class='ocrx_word' id='word_1_98' title='bbox 891 946 1014 989; x_wconf 91' lang='lat' dir='ltr'><strong>modi</strong></span> <span class='ocrx_word' id='word_1_99' title='bbox 1048 958 1142 989; x_wconf 87' lang='lat' dir='ltr'><strong>esse</strong></span> <span class='ocrx_word' id='word_1_100' title='bbox 1172 949 1310 1002; x_wconf 85' lang='lat' dir='ltr'><strong>atque</strong></span> <span class='ocrx_word' id='word_1_101' title='bbox 1339 946 1542 989; x_wconf 79' lang='lat' dir='ltr'><strong>Amilcar</strong></span> <span class='ocrx_word' id='word_1_102' title='bbox 1570 945 1692 1003; x_wconf 84' lang='lat' dir='ltr'><strong>dixit,</strong></span> 
     </span>
     <span class='ocr_line' id='line_1_15' title="bbox 188 1016 801 1072; baseline -0.002 -12"><span class='ocrx_word' id='word_1_103' title='bbox 188 1016 419 1061; x_wconf 79' lang='lat' dir='ltr'><strong>ostendere</strong></span> <span class='ocrx_word' id='word_1_104' title='bbox 447 1019 629 1072; x_wconf 79' lang='lat' dir='ltr'><strong>possunt</strong></span> <span class='ocrx_word' id='word_1_105' title='bbox 658 1017 801 1059; x_wconf 85' lang='lat' dir='ltr'><strong>aliter.</strong></span> 
     </span>
    </p>

    <p class='ocr_par' dir='ltr' id='par_1_9' title="bbox 323 1084 1693 1141">
     <span class='ocr_line' id='line_1_16' title="bbox 323 1084 1693 1141; baseline 0.001 -13"><span class='ocrx_word' id='word_1_106' title='bbox 323 1085 449 1128; x_wconf 88' lang='lat' dir='ltr'><strong>Haec</strong></span> <span class='ocrx_word' id='word_1_107' title='bbox 478 1085 619 1128; x_wconf 87' lang='lat' dir='ltr'><strong>verba</strong></span> <span class='ocrx_word' id='word_1_108' title='bbox 656 1097 930 1141; x_wconf 85' lang='lat' dir='ltr'><strong>quamquam</strong></span> <span class='ocrx_word' id='word_1_109' title='bbox 969 1098 997 1127; x_wconf 90' lang='lat' dir='ltr'><strong>a</strong></span> <span class='ocrx_word' id='word_1_110' title='bbox 1027 1085 1168 1128; x_wconf 83' lang='lat' dir='ltr'><strong>doctis</strong></span> <span class='ocrx_word' id='word_1_111' title='bbox 1207 1084 1266 1127; x_wconf 87' lang='lat' dir='ltr'><strong>ad</strong></span> <span class='ocrx_word' id='word_1_112' title='bbox 1300 1085 1448 1129; x_wconf 83' lang='lat' dir='ltr'><strong>varios</strong></span> <span class='ocrx_word' id='word_1_113' title='bbox 1477 1085 1598 1129; x_wconf 76' lang='lat' dir='ltr'><strong>locos</strong></span> <span class='ocrx_word' id='word_1_114' title='bbox 1627 1098 1693 1129; x_wconf 89' lang='lat' dir='ltr'><strong>re-</strong></span> 
     </span>
    </p>
   </div>
   <div class='ocr_carea' id='block_1_8' title="bbox 77 1145 1693 1280">
    <p class='ocr_par' dir='ltr' id='par_1_10' title="bbox 77 1145 1693 1280">
     <span class='ocr_line' id='line_1_17' title="bbox 77 1145 1691 1217; baseline -0.001 -18"><span class='ocrx_word' id='word_1_115' title='bbox 77 1173 108 1213; x_wconf 6' lang='lat' dir='ltr'><strong>p·</strong></span> <span class='ocrx_word' id='word_1_116' title='bbox 187 1157 280 1199; x_wconf 88' lang='lat' dir='ltr'><strong>lata</strong></span> <span class='ocrx_word' id='word_1_117' title='bbox 308 1145 418 1210; x_wconf 64' lang='lat' dir='ltr'><strong>eunt,</strong></span> <span class='ocrx_word' id='word_1_118' title='bbox 449 1159 596 1197; x_wconf 86' lang='lat' dir='ltr'><strong>tamen</strong></span> <span class='ocrx_word' id='word_1_119' title='bbox 625 1155 729 1217; x_wconf 21' lang='lat' dir='ltr'><strong>iam*</strong></span> <span class='ocrx_word' id='word_1_120' title='bbox 746 1159 925 1211; x_wconf 87' lang='lat' dir='ltr'><strong>propter</strong></span> <span class='ocrx_word' id='word_1_121' title='bbox 953 1167 1115 1197; x_wconf 87' lang='lat' dir='ltr'><strong>nomen</strong></span> <span class='ocrx_word' id='word_1_122' title='bbox 1146 1153 1396 1209; x_wconf 78' lang='lat' dir='ltr'><strong>„Amilcar“</strong></span> <span class='ocrx_word' id='word_1_123' title='bbox 1433 1154 1493 1196; x_wconf 92' lang='lat' dir='ltr'><strong>ad</strong></span> <span class='ocrx_word' id='word_1_124' title='bbox 1522 1154 1691 1198; x_wconf 89' lang='lat' dir='ltr'><strong>bellum</strong></span> 
     </span>
     <span class='ocr_line' id='line_1_18' title="bbox 160 1223 1693 1280; baseline -0.001 -12"><span class='ocrx_word' id='word_1_125' title='bbox 160 1225 328 1268; x_wconf 83' lang='lat' dir='ltr'><strong>&#39;Hann.</strong></span> <span class='ocrx_word' id='word_1_126' title='bbox 356 1224 588 1280; x_wconf 77' lang='lat' dir='ltr'><strong>pertinent.</strong></span> <span class='ocrx_word' id='word_1_127' title='bbox 646 1223 694 1267; x_wconf 89' lang='grc' dir='ltr'><strong>Ο.</strong></span> <span class='ocrx_word' id='word_1_128' title='bbox 733 1223 914 1268; x_wconf 70' lang='lat' dir='ltr'><strong>Gilbert:</strong></span> <span class='ocrx_word' id='word_1_129' title='bbox 953 1225 1038 1267; x_wconf 85' lang='lat' dir='ltr'><strong>Die</strong></span> <span class='ocrx_word' id='word_1_130' title='bbox 1077 1225 1254 1279; x_wconf 87' lang='lat' dir='ltr'><strong>Fragm.</strong></span> <span class='ocrx_word' id='word_1_131' title='bbox 1291 1237 1332 1278; x_wconf 92' lang='lat' dir='ltr'><strong>p.</strong></span> <span class='ocrx_word' id='word_1_132' title='bbox 1364 1224 1464 1279; x_wconf 85' lang='lat'><strong>405,</strong></span> <span class='ocrx_word' id='word_1_133' title='bbox 1502 1227 1552 1266; x_wconf 86' lang='lat' dir='ltr'><strong>ut</strong></span> <span class='ocrx_word' id='word_1_134' title='bbox 1580 1224 1693 1268; x_wconf 78' lang='lat' dir='ltr'><strong>alios</strong></span> 
     </span>
    </p>
   </div>
   <div class='ocr_carea' id='block_1_9' title="bbox 177 1290 1716 2383">
    <p class='ocr_par' dir='ltr' id='par_1_11' title="bbox 188 1290 1692 1406">
     <span class='ocr_line' id='line_1_19' title="bbox 188 1290 1692 1351; baseline 0.001 -16"><span class='ocrx_word' id='word_1_135' title='bbox 188 1294 401 1349; x_wconf 87' lang='lat' dir='ltr'><strong>omittam,</strong></span> <span class='ocrx_word' id='word_1_136' title='bbox 431 1294 515 1335; x_wconf 86' lang='lat' dir='ltr'><strong>hoc</strong></span> <span class='ocrx_word' id='word_1_137' title='bbox 543 1294 591 1335; x_wconf 88' lang='lat' dir='ltr'><strong>sr.</strong></span> <span class='ocrx_word' id='word_1_138' title='bbox 632 1293 691 1335; x_wconf 88' lang='lat' dir='ltr'><strong>ad</strong></span> <span class='ocrx_word' id='word_1_139' title='bbox 720 1293 968 1335; x_wconf 87' lang='lat' dir='ltr'><strong>orationem</strong></span> <span class='ocrx_word' id='word_1_140' title='bbox 997 1305 1025 1335; x_wconf 89' lang='lat' dir='ltr'><strong>a</strong></span> <span class='ocrx_word' id='word_1_141' title='bbox 1054 1292 1196 1335; x_wconf 89' lang='lat' dir='ltr'><strong>Fabio</strong></span> <span class='ocrx_word' id='word_1_142' title='bbox 1219 1290 1273 1334; x_wconf 58' lang='lat' dir='ltr'><strong>‘in</strong></span> <span class='ocrx_word' id='word_1_143' title='bbox 1302 1295 1459 1334; x_wconf 86' lang='lat' dir='ltr'><strong>senatu</strong></span> <span class='ocrx_word' id='word_1_144' title='bbox 1487 1292 1692 1351; x_wconf 81' lang='lat' dir='ltr'><strong>Romano</strong></span> 
     </span>
     <span class='ocr_line' id='line_1_20' title="bbox 189 1363 569 1406; baseline 0.003 -1"><span class='ocrx_word' id='word_1_145' title='bbox 189 1363 391 1406; x_wconf 82' lang='lat' dir='ltr'><strong>habitam</strong></span> <span class='ocrx_word' id='word_1_146' title='bbox 421 1363 569 1406; x_wconf 86' lang='lat' dir='ltr'><strong>refert.</strong></span> 
     </span>
    </p>

    <p class='ocr_par' dir='ltr' id='par_1_12' title="bbox 189 1428 1692 1612">
     <span class='ocr_line' id='line_1_21' title="bbox 325 1428 1692 1486; baseline 0 -14"><span class='ocrx_word' id='word_1_147' title='bbox 325 1431 541 1486; x_wconf 84' lang='lat' dir='ltr'><strong>Fragm.</strong></span> <span class='ocrx_word' id='word_1_148' title='bbox 568 1430 615 1472; x_wconf 79' lang='lat'><strong>4:</strong></span> <span class='ocrx_word' id='word_1_149' title='bbox 655 1430 851 1472; x_wconf 82' lang='lat' dir='ltr'><strong>Priscian</strong></span> <span class='ocrx_word' id='word_1_150' title='bbox 879 1429 991 1472; x_wconf 87' lang='lat' dir='ltr'><strong>XIII</strong></span> <span class='ocrx_word' id='word_1_151' title='bbox 1020 1444 1062 1486; x_wconf 90' lang='lat' dir='ltr'><strong>p.</strong></span> <span class='ocrx_word' id='word_1_152' title='bbox 1091 1430 1178 1472; x_wconf 89' lang='grc'><strong>960</strong></span> <span class='ocrx_word' id='word_1_153' title='bbox 1206 1428 1255 1472; x_wconf 89' lang='grc' dir='ltr'><strong>Ρ.</strong></span> <span class='ocrx_word' id='word_1_154' title='bbox 1283 1430 1311 1472; x_wconf 93' lang='grc'>8</span> <span class='ocrx_word' id='word_1_155' title='bbox 1350 1429 1404 1471; x_wconf 93' lang='grc' dir='ltr'><strong>Η.</strong></span> <span class='ocrx_word' id='word_1_156' title='bbox 1433 1428 1615 1473; x_wconf 81' lang='lat' dir='ltr'><strong>Caelius</strong></span> <span class='ocrx_word' id='word_1_157' title='bbox 1645 1429 1692 1472; x_wconf 89' lang='lat' dir='ltr'><strong>in</strong></span> 
     </span>
     <span class='ocr_line' id='line_1_22' title="bbox 190 1499 1692 1555; baseline -0.001 -12"><span class='ocrx_word' id='word_1_158' title='bbox 190 1502 233 1543; x_wconf 84' lang='lat' dir='ltr'><strong>I:</strong></span> <span class='ocrx_word' id='word_1_159' title='bbox 274 1500 524 1555; x_wconf 86' lang='lat' dir='ltr'><strong>Antequam</strong></span> <span class='ocrx_word' id='word_1_160' title='bbox 564 1500 736 1541; x_wconf 84' lang='lat' dir='ltr'><strong>Barcha</strong></span> <span class='ocrx_word' id='word_1_161' title='bbox 774 1501 980 1555; x_wconf 86' lang='lat' dir='ltr'><strong>perierat,</strong></span> <span class='ocrx_word' id='word_1_162' title='bbox 1018 1501 1093 1541; x_wconf 86' lang='lat' dir='ltr'><strong>alii</strong></span> <span class='ocrx_word' id='word_1_163' title='bbox 1134 1501 1201 1541; x_wconf 88' lang='lat' dir='ltr'><strong>rei</strong></span> <span class='ocrx_word' id='word_1_164' title='bbox 1241 1512 1380 1542; x_wconf 86' lang='lat' dir='ltr'><strong>causa</strong></span> <span class='ocrx_word' id='word_1_165' title='bbox 1416 1500 1461 1540; x_wconf 89' lang='lat' dir='ltr'><strong>in</strong></span> <span class='ocrx_word' id='word_1_166' title='bbox 1496 1499 1692 1542; x_wconf 83' lang='lat' dir='ltr'><strong>Africam</strong></span> 
     </span>
     <span class='ocr_line' id='line_1_23' title="bbox 189 1581 360 1612; baseline 0.006 -1"><span class='ocrx_word' id='word_1_167' title='bbox 189 1581 360 1612; x_wconf 75' lang='lat' dir='ltr'><strong>mlssus.</strong></span> 
     </span>
    </p>

    <p class='ocr_par' dir='ltr' id='par_1_13' title="bbox 177 1637 1716 2383">
     <span class='ocr_line' id='line_1_24' title="bbox 325 1637 1693 1694; baseline 0.001 -15"><span class='ocrx_word' id='word_1_168' title='bbox 325 1638 581 1693; x_wconf 74' lang='lat' dir='ltr'><strong>Quaeritur,</strong></span> <span class='ocrx_word' id='word_1_169' title='bbox 606 1639 705 1692; x_wconf 88' lang='lat' dir='ltr'><strong>quis</strong></span> <span class='ocrx_word' id='word_1_170' title='bbox 724 1639 780 1680; x_wconf 83' lang='lat' dir='ltr'><strong>sit</strong></span> <span class='ocrx_word' id='word_1_171' title='bbox 799 1638 877 1680; x_wconf 87' lang='lat' dir='ltr'><strong>ille</strong></span> <span class='ocrx_word' id='word_1_172' title='bbox 897 1639 943 1679; x_wconf 90' lang='lat' dir='ltr'><strong>in</strong></span> <span class='ocrx_word' id='word_1_173' title='bbox 964 1637 1165 1679; x_wconf 84' lang='lat' dir='ltr'><strong>Africam</strong></span> <span class='ocrx_word' id='word_1_174' title='bbox 1186 1638 1355 1679; x_wconf 79' lang='lat' dir='ltr'><strong>missus·</strong></span> <span class='ocrx_word' id='word_1_175' title='bbox 1396 1637 1542 1680; x_wconf 82' lang='lat' dir='ltr'><strong>Nauta</strong></span> <span class='ocrx_word' id='word_1_176' title='bbox 1562 1652 1607 1693; x_wconf 91' lang='lat' dir='ltr'><strong>p.</strong></span> <span class='ocrx_word' id='word_1_177' title='bbox 1625 1638 1693 1694; x_wconf 85' lang='lat'><strong>21,</strong></span> 
     </span>
     <span class='ocr_line' id='line_1_25' title="bbox 191 1705 1692 1762; baseline -0.001 -13"><span class='ocrx_word' id='word_1_178' title='bbox 191 1706 265 1750; x_wconf 78' lang='lat' dir='ltr'><strong>Fr.</strong></span> <span class='ocrx_word' id='word_1_179' title='bbox 297 1705 546 1749; x_wconf 80' lang='lat' dir='ltr'><strong>Lachmann</strong></span> <span class='ocrx_word' id='word_1_180' title='bbox 568 1706 624 1749; x_wconf 86' lang='lat' dir='ltr'><strong>de</strong></span> <span class='ocrx_word' id='word_1_181' title='bbox 643 1707 747 1749; x_wconf 83' lang='lat' dir='ltr'><strong>font.</strong></span> <span class='ocrx_word' id='word_1_182' title='bbox 766 1707 809 1748; x_wconf 92' lang='lat'><strong>11</strong></span> <span class='ocrx_word' id='word_1_183' title='bbox 834 1721 877 1762; x_wconf 92' lang='lat' dir='ltr'><strong>p.</strong></span> <span class='ocrx_word' id='word_1_184' title='bbox 900 1706 968 1762; x_wconf 81' lang='lat'><strong>34,</strong></span> <span class='ocrx_word' id='word_1_185' title='bbox 992 1706 1277 1749; x_wconf 76' lang='lat' dir='ltr'><strong>Weissenborn</strong></span> <span class='ocrx_word' id='word_1_186' title='bbox 1305 1707 1352 1748; x_wconf 87' lang='lat' dir='ltr'><strong>in</strong></span> <span class='ocrx_word' id='word_1_187' title='bbox 1381 1705 1462 1762; x_wconf 72' lang='lat' dir='ltr'><strong>ed,</strong></span> <span class='ocrx_word' id='word_1_188' title='bbox 1491 1706 1692 1749; x_wconf 77' lang='lat' dir='ltr'><strong>Bo&#39;ttcher</strong></span> 
     </span>
     <span class='ocr_line' id='line_1_26' title="bbox 189 1774 1695 1832; baseline 0.001 -15"><span class='ocrx_word' id='word_1_189' title='bbox 189 1790 231 1832; x_wconf 88' lang='lat' dir='ltr'><strong>p.</strong></span> <span class='ocrx_word' id='word_1_190' title='bbox 259 1776 358 1832; x_wconf 88' lang='lat'>440,</span> <span class='ocrx_word' id='word_1_191' title='bbox 388 1775 564 1819; x_wconf 82' lang='lat' dir='ltr'><strong>Meltzer</strong></span> <span class='ocrx_word' id='word_1_192' title='bbox 593 1790 635 1831; x_wconf 90' lang='lat' dir='ltr'><strong>p.</strong></span> <span class='ocrx_word' id='word_1_193' title='bbox 654 1776 721 1831; x_wconf 85' lang='lat'><strong>17,</strong></span> <span class='ocrx_word' id='word_1_194' title='bbox 751 1775 912 1832; x_wconf 72' lang='lat' dir='ltr'><strong>Sieqlin</strong></span> <span class='ocrx_word' id='word_1_195' title='bbox 941 1788 981 1830; x_wconf 91' lang='lat' dir='ltr'><strong>p.</strong></span> <span class='ocrx_word' id='word_1_196' title='bbox 1002 1775 1055 1817; x_wconf 87' lang='lat'><strong>21</strong></span> <span class='ocrx_word' id='word_1_197' title='bbox 1087 1774 1214 1817; x_wconf 88' lang='lat' dir='ltr'><strong>illum</strong></span> <span class='ocrx_word' id='word_1_198' title='bbox 1244 1775 1375 1817; x_wconf 82' lang='lat' dir='ltr'><strong>fuisse</strong></span> <span class='ocrx_word' id='word_1_199' title='bbox 1400 1775 1695 1818; x_wconf 81' lang='lat' dir='ltr'><strong>Hannibalem</strong></span> 
     </span>
     <span class='ocr_line' id='line_1_27' title="bbox 190 1844 1694 1901; baseline 0.001 -15"><span class='ocrx_word' id='word_1_200' title='bbox 190 1847 359 1901; x_wconf 90' lang='lat' dir='ltr'><strong>putant.</strong></span> <span class='ocrx_word' id='word_1_201' title='bbox 417 1845 504 1888; x_wconf 88' lang='lat' dir='ltr'><strong>Sed</strong></span> <span class='ocrx_word' id='word_1_202' title='bbox 542 1844 734 1901; x_wconf 58' lang='lat' dir='ltr'><strong>Wolfflin</strong></span> <span class='ocrx_word' id='word_1_203' title='bbox 765 1845 1032 1899; x_wconf 86' lang='lat' dir='ltr'><strong>(Antiochus</strong></span> <span class='ocrx_word' id='word_1_204' title='bbox 1051 1859 1093 1900; x_wconf 93' lang='lat' dir='ltr'><strong>p.</strong></span> <span class='ocrx_word' id='word_1_205' title='bbox 1112 1845 1190 1896; x_wconf 84' lang='lat'><strong>46)</strong></span> <span class='ocrx_word' id='word_1_206' title='bbox 1218 1844 1402 1886; x_wconf 86' lang='lat' dir='ltr'><strong>illorum</strong></span> <span class='ocrx_word' id='word_1_207' title='bbox 1431 1845 1694 1888; x_wconf 76' lang='lat' dir='ltr'><strong>sententiam</strong></span> 
     </span>
     <span class='ocr_line' id='line_1_28' title="bbox 191 1912 1692 1967; baseline 0 -13"><span class='ocrx_word' id='word_1_208' title='bbox 191 1913 396 1956; x_wconf 78' lang='lat' dir='ltr'><strong>refellens</strong></span> <span class='ocrx_word' id='word_1_209' title='bbox 435 1914 487 1955; x_wconf 85' lang='lat' dir='ltr'><strong>fr.</strong></span> <span class='ocrx_word' id='word_1_210' title='bbox 527 1916 646 1955; x_wconf 84' lang='lat' dir='ltr'><strong>recte</strong></span> <span class='ocrx_word' id='word_1_211' title='bbox 684 1913 742 1954; x_wconf 87' lang='lat' dir='ltr'><strong>ad</strong></span> <span class='ocrx_word' id='word_1_212' title='bbox 782 1912 1109 1955; x_wconf 82' lang='lat' dir='ltr'><strong>Hasdrubalem</strong></span> <span class='ocrx_word' id='word_1_213' title='bbox 1149 1912 1331 1954; x_wconf 87' lang='lat' dir='ltr'><strong>rettulit.</strong></span> <span class='ocrx_word' id='word_1_214' title='bbox 1400 1912 1549 1967; x_wconf 84' lang='lat' dir='ltr'><strong>Atque</strong></span> <span class='ocrx_word' id='word_1_215' title='bbox 1587 1925 1692 1954; x_wconf 86' lang='lat' dir='ltr'><strong>cum</strong></span> 
     </span>
     <span class='ocr_line' id='line_1_29' title="bbox 192 1980 1696 2038; baseline 0 -14"><span class='ocrx_word' id='word_1_216' title='bbox 192 1983 277 2025; x_wconf 87' lang='lat' dir='ltr'><strong>hac</strong></span> <span class='ocrx_word' id='word_1_217' title='bbox 309 1983 516 2038; x_wconf 89' lang='lat' dir='ltr'><strong>opinione</strong></span> <span class='ocrx_word' id='word_1_218' title='bbox 555 1983 690 2025; x_wconf 88' lang='lat' dir='ltr'><strong>etiam</strong></span> <span class='ocrx_word' id='word_1_219' title='bbox 731 1982 869 2024; x_wconf 81' lang='lat' dir='ltr'><strong>verba</strong></span> <span class='ocrx_word' id='word_1_220' title='bbox 908 1981 1089 2024; x_wconf 93' lang='lat' dir='ltr'><strong>Diodori</strong></span> <span class='ocrx_word' id='word_1_221' title='bbox 1129 1981 1198 2036; x_wconf 84' lang='lat'><strong>25,</strong></span> <span class='ocrx_word' id='word_1_222' title='bbox 1234 1981 1290 2022; x_wconf 89' lang='lat'><strong>14</strong></span> <span class='ocrx_word' id='word_1_223' title='bbox 1328 1980 1492 2023; x_wconf 78' lang='lat' dir='ltr'><strong>Bekker</strong></span> <span class='ocrx_word' id='word_1_224' title='bbox 1530 1982 1696 2035; x_wconf 85' lang='lat' dir='ltr'><strong>optime</strong></span> 
     </span>
     <span class='ocr_line' id='line_1_30' title="bbox 193 2048 1696 2108; baseline -0.001 -15"><span class='ocrx_word' id='word_1_225' title='bbox 193 2052 488 2094; x_wconf 81' lang='lat' dir='ltr'><strong>consentiunt:</strong></span> <span class='ocrx_word' id='word_1_226' title='bbox 508 2050 774 2108; x_wconf 78' lang='grc' dir='ltr'>Ἀσδρούβας</span> <span class='ocrx_word' id='word_1_227' title='bbox 794 2049 842 2092; x_wconf 89' lang='grc' dir='ltr'><strong>δὲ</strong></span> <span class='ocrx_word' id='word_1_228' title='bbox 858 2050 885 2101; x_wconf 40' lang='grc' dir='ltr'><strong>,ὁ</strong></span> <span class='ocrx_word' id='word_1_229' title='bbox 905 2049 1094 2107; x_wconf 83' lang='grc' dir='ltr'><strong>γαμβρὸς</strong></span> <span class='ocrx_word' id='word_1_230' title='bbox 1105 2048 1329 2105; x_wconf 76' lang='grc' dir='ltr'><strong>Ἀμίλκου,</strong></span> <span class='ocrx_word' id='word_1_231' title='bbox 1348 2048 1558 2105; x_wconf 73' lang='grc' dir='ltr'>πεμφθεὶς</span> <span class='ocrx_word' id='word_1_232' title='bbox 1577 2051 1696 2106; x_wconf 81' lang='grc' dir='ltr'><strong>παρὰ</strong></span> 
     </span>
     <span class='ocr_line' id='line_1_31' title="bbox 177 2116 1695 2180; baseline 0 -18"><span class='ocrx_word' id='word_1_233' title='bbox 177 2124 267 2180; x_wconf 22' lang='grc' dir='ltr'><strong>,τοῦ</strong></span> <span class='ocrx_word' id='word_1_234' title='bbox 296 2118 505 2176; x_wconf 77' lang='grc' dir='ltr'>κηδεστοῦ</span> <span class='ocrx_word' id='word_1_235' title='bbox 536 2119 593 2172; x_wconf 82' lang='grc' dir='ltr'><strong>εἰς</strong></span> <span class='ocrx_word' id='word_1_236' title='bbox 623 2118 884 2179; x_wconf 78' lang='grc' dir='ltr'>Καρχηδόνα</span> <span class='ocrx_word' id='word_1_237' title='bbox 924 2118 981 2170; x_wconf 82' lang='grc' dir='ltr'><strong>εἰς</strong></span> <span class='ocrx_word' id='word_1_238' title='bbox 1008 2117 1197 2175; x_wconf 78' lang='grc' dir='ltr'><strong>πόλεμον</strong></span> <span class='ocrx_word' id='word_1_239' title='bbox 1236 2123 1318 2161; x_wconf 85' lang='grc' dir='ltr'><strong>τῶν</strong></span> <span class='ocrx_word' id='word_1_240' title='bbox 1349 2116 1561 2175; x_wconf 83' lang='grc' dir='ltr'>Νομάδων</span> <span class='ocrx_word' id='word_1_241' title='bbox 1592 2120 1695 2174; x_wconf 85' lang='lat' dir='ltr'><strong>(alii</strong></span> 
     </span>
     <span class='ocr_line' id='line_1_32' title="bbox 190 2186 1716 2247; baseline 0.001 -16"><span class='ocrx_word' id='word_1_242' title='bbox 190 2190 259 2232; x_wconf 87' lang='lat' dir='ltr'><strong>rei</strong></span> <span class='ocrx_word' id='word_1_243' title='bbox 297 2193 451 2242; x_wconf 86' lang='lat' dir='ltr'><strong>causa)</strong></span> <span class='ocrx_word' id='word_1_244' title='bbox 495 2189 821 2233; x_wconf 83' lang='grc' dir='ltr'><strong>ἐπαναστάντων</strong></span> <span class='ocrx_word' id='word_1_245' title='bbox 862 2187 1171 2247; x_wconf 76' lang='grc' dir='ltr'><strong>Καρχηδονίοις</strong></span> <span class='ocrx_word' id='word_1_246' title='bbox 1209 2186 1450 2244; x_wconf 77' lang='grc' dir='ltr'><strong>κατέκοψεν</strong></span> <span class='ocrx_word' id='word_1_247' title='bbox 1496 2188 1716 2232; x_wconf 52' lang='lat' dir='ltr'><strong>&amp;namon</strong></span> 
     </span>
     <span class='ocr_line' id='line_1_33' title="bbox 191 2257 1695 2317; baseline 0.001 -17"><span class='ocrx_word' id='word_1_248' title='bbox 191 2257 365 2315; x_wconf 82' lang='grc' dir='ltr'><strong>χιλίους,</strong></span> <span class='ocrx_word' id='word_1_249' title='bbox 384 2258 571 2316; x_wconf 69' lang='grc' dir='ltr'><strong>,ζωγρίας</strong></span> <span class='ocrx_word' id='word_1_250' title='bbox 593 2260 641 2303; x_wconf 84' lang='grc' dir='ltr'><strong>δὲ</strong></span> <span class='ocrx_word' id='word_1_251' title='bbox 660 2259 812 2317; x_wconf 79' lang='grc' dir='ltr'><strong>ἔλαβεν</strong></span> <span class='ocrx_word' id='word_1_252' title='bbox 833 2258 1079 2316; x_wconf 75' lang='grc' dir='ltr'>δισχιλίους,</span> <span class='ocrx_word' id='word_1_253' title='bbox 1099 2258 1138 2300; x_wconf 86' lang='grc' dir='ltr'><strong>οἱ</strong></span> <span class='ocrx_word' id='word_1_254' title='bbox 1158 2257 1206 2301; x_wconf 83' lang='grc' dir='ltr'><strong>δὲ</strong></span> <span class='ocrx_word' id='word_1_255' title='bbox 1221 2257 1363 2300; x_wconf 83' lang='grc' dir='ltr'><strong>λοιποὶ</strong></span> <span class='ocrx_word' id='word_1_256' title='bbox 1383 2257 1695 2315; x_wconf 77' lang='grc' dir='ltr'><strong>ἐδουλώθησαν</strong></span> 
     </span>
     <span class='ocr_line' id='line_1_34' title="bbox 192 2325 633 2383; baseline 0.005 -15"><span class='ocrx_word' id='word_1_257' title='bbox 192 2325 349 2383; x_wconf 75' lang='grc' dir='ltr'><strong>φόρους</strong></span> <span class='ocrx_word' id='word_1_258' title='bbox 376 2327 633 2380; x_wconf 80' lang='grc' dir='ltr'><strong>τελέσοντες.</strong></span> 
     </span>
    </p>
   </div>
   <div class='ocr_carea' id='block_1_10' title="bbox 330 2397 1787 2455">
    <p class='ocr_par' dir='ltr' id='par_1_14' title="bbox 330 2397 1787 2455">
     <span class='ocr_line' id='line_1_35' title="bbox 330 2397 1787 2455; baseline 0.001 -17"><span class='ocrx_word' id='word_1_259' title='bbox 330 2397 460 2452; x_wconf 76' lang='lat' dir='ltr'><strong>Quod</strong></span> <span class='ocrx_word' id='word_1_260' title='bbox 492 2399 654 2455; x_wconf 72' lang='lat' dir='ltr'><strong>Sieylin</strong></span> <span class='ocrx_word' id='word_1_261' title='bbox 692 2414 734 2454; x_wconf 89' lang='lat' dir='ltr'><strong>p.</strong></span> <span class='ocrx_word' id='word_1_262' title='bbox 764 2401 818 2440; x_wconf 90' lang='lat'><strong>21</strong></span> <span class='ocrx_word' id='word_1_263' title='bbox 849 2401 894 2440; x_wconf 91' lang='lat' dir='ltr'><strong>in</strong></span> <span class='ocrx_word' id='word_1_264' title='bbox 923 2399 1108 2440; x_wconf 87' lang='lat' dir='ltr'><strong>dubium</strong></span> <span class='ocrx_word' id='word_1_265' title='bbox 1140 2400 1290 2451; x_wconf 84' lang='lat' dir='ltr'><strong>vocat3</strong></span> <span class='ocrx_word' id='word_1_266' title='bbox 1330 2409 1524 2451; x_wconf 84' lang='lat' dir='ltr'><strong>namque</strong></span> <span class='ocrx_word' id='word_1_267' title='bbox 1552 2400 1591 2439; x_wconf 87' lang='lat' dir='ltr'><strong>si</strong></span> <span class='ocrx_word' id='word_1_268' title='bbox 1618 2399 1699 2440; x_wconf 85' lang='lat' dir='ltr'><strong>ille</strong></span> <span class='ocrx_word' id='word_1_269' title='bbox 1784 2437 1787 2439; x_wconf 74' lang='grc'><strong>,</strong></span> 
     </span>
    </p>
   </div>
   <div class='ocr_carea' id='block_1_11' title="bbox 191 2465 1700 2719">
    <p class='ocr_par' dir='ltr' id='par_1_15' title="bbox 191 2465 1700 2719">
     <span class='ocr_line' id='line_1_36' title="bbox 191 2465 1699 2524; baseline 0.001 -16"><span class='ocrx_word' id='word_1_270' title='bbox 191 2466 345 2509; x_wconf 79' lang='lat' dir='ltr'><strong>fuisset</strong></span> <span class='ocrx_word' id='word_1_271' title='bbox 382 2465 652 2524; x_wconf 81' lang='lat' dir='ltr'><strong>Hasdrubal,</strong></span> <span class='ocrx_word' id='word_1_272' title='bbox 691 2466 895 2511; x_wconf 83' lang='lat' dir='ltr'><strong>Coelium</strong></span> <span class='ocrx_word' id='word_1_273' title='bbox 939 2467 984 2509; x_wconf 82' lang='lat' dir='ltr'><strong>in</strong></span> <span class='ocrx_word' id='word_1_274' title='bbox 1023 2467 1167 2522; x_wconf 86' lang='lat' dir='ltr'><strong>primo</strong></span> <span class='ocrx_word' id='word_1_275' title='bbox 1206 2465 1323 2508; x_wconf 85' lang='lat' dir='ltr'><strong>libro</strong></span> <span class='ocrx_word' id='word_1_276' title='bbox 1352 2465 1496 2509; x_wconf 84' lang='lat' dir='ltr'><strong>multo</strong></span> <span class='ocrx_word' id='word_1_277' title='bbox 1526 2466 1699 2523; x_wconf 84' lang='lat' dir='ltr'><strong>longius</strong></span> 
     </span>
     <span class='ocr_line' id='line_1_37' title="bbox 193 2535 1696 2592; baseline 0.001 -15"><span class='ocrx_word' id='word_1_278' title='bbox 193 2535 486 2590; x_wconf 86' lang='lat' dir='ltr'><strong>repetiturum</strong></span> <span class='ocrx_word' id='word_1_279' title='bbox 525 2537 660 2580; x_wconf 82' lang='lat' dir='ltr'><strong>fuisse</strong></span> <span class='ocrx_word' id='word_1_280' title='bbox 690 2549 824 2592; x_wconf 90' lang='lat' dir='ltr'><strong>quam</strong></span> <span class='ocrx_word' id='word_1_281' title='bbox 854 2537 1032 2578; x_wconf 75' lang='lat' dir='ltr'><strong>Livium</strong></span> <span class='ocrx_word' id='word_1_282' title='bbox 1072 2538 1116 2577; x_wconf 87' lang='lat' dir='ltr'><strong>et</strong></span> <span class='ocrx_word' id='word_1_283' title='bbox 1154 2535 1367 2591; x_wconf 80' lang='lat' dir='ltr'><strong>Dionem3</strong></span> <span class='ocrx_word' id='word_1_284' title='bbox 1400 2535 1517 2578; x_wconf 84' lang='lat' dir='ltr'><strong>illud</strong></span> <span class='ocrx_word' id='word_1_285' title='bbox 1547 2540 1696 2579; x_wconf 88' lang='lat' dir='ltr'><strong>autem</strong></span> 
     </span>
     <span class='ocr_line' id='line_1_38' title="bbox 193 2593 1700 2663; baseline 0.001 -17"><span class='ocrx_word' id='word_1_286' title='bbox 193 2604 290 2647; x_wconf 85' lang='lat' dir='ltr'><strong>fieri</strong></span> <span class='ocrx_word' id='word_1_287' title='bbox 318 2615 405 2646; x_wconf 89' lang='lat' dir='ltr'><strong>non</strong></span> <span class='ocrx_word' id='word_1_288' title='bbox 433 2605 640 2660; x_wconf 81' lang='lat' dir='ltr'><strong>potuisse.</strong></span> <span class='ocrx_word' id='word_1_289' title='bbox 656 2630 724 2639; x_wconf 89' lang='grc'><strong>--</strong></span> <span class='ocrx_word' id='word_1_290' title='bbox 756 2606 815 2650; x_wconf 88' lang='lat' dir='ltr'><strong>At</strong></span> <span class='ocrx_word' id='word_1_291' title='bbox 834 2605 995 2663; x_wconf 74' lang='lat' dir='ltr'><strong>Sieqlin</strong></span> <span class='ocrx_word' id='word_1_292' title='bbox 1024 2616 1196 2647; x_wconf 83' lang='lat' dir='ltr'><strong>errasse</strong></span> <span class='ocrx_word' id='word_1_293' title='bbox 1224 2604 1337 2646; x_wconf 86' lang='lat' dir='ltr'><strong>mihi</strong></span> <span class='ocrx_word' id='word_1_294' title='bbox 1365 2593 1566 2661; x_wconf 73' lang='lat' dir='ltr'><strong>videtur3</strong></span> <span class='ocrx_word' id='word_1_295' title='bbox 1595 2618 1700 2647; x_wconf 88' lang='lat' dir='ltr'><strong>nam</strong></span> 
     </span>
     <span class='ocr_line' id='line_1_39' title="bbox 195 2673 1700 2719; baseline 0.002 -5"><span class='ocrx_word' id='word_1_296' title='bbox 195 2685 295 2715; x_wconf 84' lang='lat' dir='ltr'><strong>cum</strong></span> <span class='ocrx_word' id='word_1_297' title='bbox 315 2673 490 2715; x_wconf 53' lang='lat' dir='ltr'><strong>*Livius</strong></span> <span class='ocrx_word' id='word_1_298' title='bbox 518 2679 565 2717; x_wconf 83' lang='lat' dir='ltr'><strong>et</strong></span> <span class='ocrx_word' id='word_1_299' title='bbox 621 2675 705 2719; x_wconf 82' lang='lat' dir='ltr'><strong>Dio</strong></span> <span class='ocrx_word' id='word_1_300' title='bbox 748 2678 887 2718; x_wconf 82' lang='lat' dir='ltr'><strong>totam</strong></span> <span class='ocrx_word' id='word_1_301' title='bbox 930 2686 1083 2717; x_wconf 82' lang='lat' dir='ltr'><strong>rerum</strong></span> <span class='ocrx_word' id='word_1_302' title='bbox 1126 2674 1427 2718; x_wconf 77' lang='lat' dir='ltr'><strong>Romanarum</strong></span> <span class='ocrx_word' id='word_1_303' title='bbox 1471 2675 1700 2718; x_wconf 83' lang='lat' dir='ltr'><strong>historiam</strong></span> 
     </span>
    </p>
   </div>
  </div>
 </body>
</html>
