1941 2999
48 173 165 204 ⁸
205 186 421 255 Σαρδόνος
448 188 695 254 στρατήγός.
754 192 927 235 'Deinde
958 192 1034 234 1116
1053 190 1110 233 ad
1141 190 1365 246 octoginta
1391 203 1529 234 naves
1550 194 1701 245 captas

98 262 176 294 θ’
203 257 304 317 esse·
339 258 496 317 tradit,
545 260 618 302 hic
657 260 815 315 viginti
853 260 1081 314 depressas
1122 271 1228 316 esse,
1267 261 1495 314 sexaginta
1534 261 1710 314 captas:

34 331 54 386 {j
73 340 84 367 :²
204 319 278 374 παῖ
316 327 347 372 δ’
379 333 455 385 τῆς
500 326 716 384 Σαρδόνος
760 328 994 384 στρατηγὸς
1040 326 1298 377 ἐπιπλεύσας
1338 332 1522 383 μακραῖς
1564 325 1710 369 ναυσὶν

142 386 180 448 ²9
204 387 414 456 κατέδυσε
455 397 530 453 μὲν
561 397 698 440 αὐτῶν
729 396 903 451 εἴκοσιν,
926 394 1151 452 ’ἐξήκοντα
1181 394 1220 437 δ’
1248 395 1414 453 ἔλαβεν.
1474 397 1592 438 Tum
1623 396 1711 450 Ap-

23 460 78 481 s
137 458 146 496 ἶ
204 466 470 526 pianifama
487 466 627 509 multo
647 454 899 508 accuratior
920 469 986 508 est
1006 478 1141 521 quam
1161 465 1274 522 Livi,
1304 477 1403 507 cum
1430 465 1508 513 1116
1539 464 1710 520 afferat,

204 539 314 593 quot
341 548 478 578 naves
507 539 744 592 provectae
774 533 984 590 (ἑκατὸν),
1024 546 1112 590 quo
1145 534 1279 577 modo
1310 535 1428 576 circa
1457 534 1711 576 Sardiniam

204 604 381 650 delatae
410 605 517 647 sint:
546 602 716 655 οὐδενὸς
738 603 776 645 δ’
796 604 987 660 ἐρετικοϋ
1008 602 1368 660 παραπέμποντος
1394 602 1525 653 αὐτὰς
1554 602 1709 658 ἄνεμος

151 692 157 695 ·
204 673 249 724 ἐς
289 671 485 730 Σαρδόνα
524 672 799 731 κατήνεγκεν.
859 675 1073 730 Denique,
1112 674 1150 714 si
1184 677 1316 715 antea
1345 675 1466 715 recte
1494 672 1710 715 iudicavi-

202 755 313 805 mus,
342 743 494 785 Livius
522 742 768 799 (Valerius)
794 743 1031 798 Magonem
1059 755 1198 785 naves
1227 742 1443 796 praedam
1473 742 1710 784 Etruscam

205 813 511 867 Ligurumque
555 811 865 854 Montanorum
910 812 1111 867 captivos
1158 810 1194 854 C
1206 823 1234 853 a
1243 825 1266 853 r
1277 814 1294 853 t
1305 811 1335 853 h
1346 824 1374 853 a
1385 811 1440 866 gi
1451 825 1480 853 n
1492 822 1517 853 6
1527 824 1572 853 m
1612 822 1711 865 por-

204 883 348 923 tantes
368 880 537 924 misisse
558 884 724 936 narrat,
755 881 983 936 Appianus
1004 881 1078 932 (cf.
1098 879 1320 935 Coelium)
1351 879 1454 922 illas
1474 879 1707 936 frumento,

118 954 121 956 ’
174 956 175 961 ’
205 949 353 1006 copiis,
397 950 587 1005 pecunia
626 953 803 992 onustas
844 948 1205 1004 Carthagine
1249 949 1415 991 exiisse.
1483 948 1592 991 Inde
1633 961 1709 1004 ap-

204 1021 332 1072 paret
360 1018 534 1062 Livium
565 1022 610 1061 et
640 1018 895 1074 Appianum
925 1019 1055 1072 plane
1086 1018 1307 1060 diversam
1337 1019 1502 1060 famam
1532 1021 1706 1060 secutos

205 1098 310 1129 esse.
368 1086 547 1129 Coelius
569 1090 732 1143 autem,
762 1087 841 1142 qui
860 1099 998 1129 naves
1019 1087 1076 1128 ad
1098 1086 1397 1129 Hannibalem
1427 1087 1581 1129 missas
1610 1098 1706 1129 esse

204 1156 353 1212 tradit,
382 1157 427 1198 in
448 1169 500 1199 eo
520 1158 617 1212 ipso
647 1169 749 1199 cum
770 1156 975 1212 Appiano
1005 1156 1194 1198 Hannib.
1224 1157 1282 1198 54
1312 1157 1538 1198 consentit.
1587 1154 1706 1211 Qua·

203 1228 384 1291 propter
413 1226 451 1268 si
481 1238 538 1268 ex
567 1226 719 1280 paucis
749 1226 899 1267 verbis
930 1223 1057 1268 Coeli
1087 1224 1256 1280 aliquid
1287 1224 1554 1268 concludere
1584 1225 1703 1280 licet,

165 1302 169 1305 “
203 1295 281 1337 1116
310 1297 354 1337 et
385 1295 615 1351 Appianus
655 1296 770 1337 hunc
798 1296 947 1337 locum
985 1307 1041 1337 ex
1079 1295 1234 1337 eodem
1265 1295 1385 1337 fonte
1412 1294 1615 1337 hausisse
1645 1296 1706 1336 vi-

206 1363 377 1406 dentur.
1052 1392 1057 1409 .

339 1434 554 1488 Fragm.
581 1433 660 1475 44.
716 1433 815 1475 Non
855 1446 886 1475 S.
915 1448 957 1474 v.
997 1434 1321 1487 congenuclare
1360 1446 1400 1487 p.
1432 1434 1488 1475 89
1527 1432 1706 1476 Coelius

204 1501 355 1543 annali
393 1501 470 1543 lib.
509 1502 616 1544 VII:
654 1502 754 1557 Ipse
793 1503 921 1555 regis‘
950 1502 1122 1543 eminus
1162 1513 1276 1557 equo
1315 1503 1419 1544 ferit
1449 1506 1602 1556 pectus
1631 1501 1708 1544 ad-

203 1581 395 1627 vorsum,
425 1570 714 1625 congenuclat
743 1582 989 1627 percussus,
1019 1569 1182 1613 deiecit
1211 1570 1455 1614 dominum.

339 1639 624 1694 Quamquam
663 1640 754 1681 hoc'
788 1640 836 1682 fr.
865 1642 985 1682 recte
1025 1641 1070 1681 in
1109 1640 1407 1682 narrationem
1437 1641 1529 1683 Liv.
1558 1641 1705 1697 XXX,

139 1728 142 1729 ν
203 1708 270 1750 12.
300 1709 348 1749 1;
386 1707 482 1764 „Ibi
513 1708 699 1764 Syphax
738 1720 853 1764 equo
894 1709 1089 1763 graviter
1129 1709 1217 1751 icto
1246 1709 1408 1752 effusus
1437 1710 1707 1766 opprimitur

203 1775 489 1832 capiturque“
529 1777 689 1819 cadere
723 1777 913 1836 videtur,
953 1782 1099 1819 tamen
1139 1777 1360 1820 sententia
1389 1770 1568 1834 Siefflini
1595 1793 1636 1834 p.
1666 1780 1706 1833 9,

203 1846 281 1900 qui
310 1847 450 1888 verba
487 1847 725 1901 fragmenti
763 1859 903 1900 paene
941 1847 1178 1888 immutata
1207 1847 1394 1900 reperiri
1423 1850 1553 1903 putat
1582 1848 1701 1901 apud

203 1913 318 1970 App.
356 1915 452 1958 Lib.
493 1915 547 1956 26
586 1915 854 1969 Liviumquc
896 1916 1005 1956 mihi
1048 1915 1227 1969 probari
1256 1927 1341 1957 non
1372 1920 1527 1970 potest.
1584 1916 1702 1958 Nam

201 1987 380 2038 praeter
409 1985 593 2026 verbum
625 1982 800 2039 „equofg
830 1984 993 2026 deiecit
1013 1984 1240 2026 dominum
1259 2009 1316 2014 —
1347 1982 1601 2027 ἀπεσείσατο
1631 1986 1704 2029 τὸν

203 2048 410 2107 δεσπότην
442 2052 611 2094 nullam
641 2052 882 2095 verborum
916 2053 1252 2095 similitudinem
1282 2053 1468 2107 reperiri
1498 2054 1705 2097 arbitror.

201 2143 259 2150 —
286 2122 525 2163 Praeterea
552 2123 679 2164 nobis
718 2123 768 2164 fr.
799 2123 1046 2164 accuratius
1082 2123 1446 2176 perspicientibus
1475 2135 1535 2164 ex
1564 2125 1704 2167 verbo

201 2187 343 2244 „ipse“
373 2189 653 2231 efficiendum
693 2193 758 2232 est
789 2189 990 2232 Coelium
1032 2193 1164 2231 antea
1203 2202 1304 2231 eum
1334 2191 1595 2247 nominasse,
1625 2193 1705 2247 qui

200 2256 413 2311 Syphacis
444 2271 609 2315 equum
637 2261 864 2315 percussit.
924 2257 1087 2301 Contra
1107 2259 1259 2299 Livius
1279 2259 1542 2315 simpliciter
1571 2260 1701 2303 dicit:

200 2337 341 2380 „equo
391 2329 591 2382 graviter
638 2326 752 2370 icto“
802 2329 859 2370 ob
904 2339 1094 2382 eamque
1132 2339 1230 2368 rem
1268 2328 1388 2370 haud
1428 2329 1561 2372 facile
1601 2334 1704 2373 ante

202 2394 354 2437 oculos
385 2396 591 2440 habuisse
613 2396 791 2439 videtur
820 2397 997 2452 fontem,
1027 2397 1071 2437 in
1103 2407 1191 2450 quo
1222 2396 1331 2453 eius,
1361 2396 1441 2452 qui
1471 2399 1576 2453 equi
1606 2412 1702 2453 per—

202 2463 319 2503 cussi
358 2470 515 2507 auctor
555 2469 661 2521 erat,
702 2477 861 2507 nomen
900 2465 1127 2516 exstabat3
1177 2478 1370 2520 namque
1416 2469 1508 2508 tam
1548 2469 1704 2521 gravia

203 2530 353 2572 Titum
384 2537 832 2576 commemoraturum
863 2534 995 2576 fuisse
1023 2538 1144 2589 puto.

338 2599 449 2654 Quis
469 2607 622 2644 autem
640 2603 720 2644 ille
749 2600 894 2659 „ipse“
924 2603 1066 2657 fuerit,
1097 2602 1154 2644 de
1174 2615 1230 2644 ea
1258 2614 1308 2644 re
1337 2602 1458 2645 docti
1487 2616 1574 2646 non
1604 2616 1704 2647 con-

199 2663 419 2712 sentiunt.
462 2670 519 2714 H.
549 2670 677 2715 Peter
706 2686 759 2727 p-
778 2670 862 2714 160
892 2670 939 2714 G.
968 2670 1191 2713 Rutilium
1220 2671 1354 2713 fuisse
1383 2675 1533 2727 putat;
1563 2686 1701 2729 quam

1476 2754 1499 2789 3
