1941 2999
830 120 855 123 ff
890 80 999 160 x33ss
1053 83 1061 100 '

186 233 340 289 tei-ios)
369 234 600 282 Montanos
630 245 890 291 oppugnare
918 233 1180 283 instit-uisset
1209 233 1307 293 (11)
1344 236 1388 275 et
1418 228 1538 278 eerte
1557 239 1703 293 quo'sg·

185 301 308 346 dam.
324 304 517 358 caperet.
573 304 814 360 Praeterea
826 304 930 344 -veri
958 302 1104 345 simile
1134 305 1200 344 est
1218 302 1455 361 Magonem
1474 299 1722 359 Montanus.⁸

185 372 313 413 vietis
344 365 481 414 etiam>
508 371 900 425 septentrionalem
931 371 1136 416 Etruriae
1164 374 1339 425 partem
1365 370 1691 426 depopulatum
1737 362 1739 365 ’
1768 398 1847 431 „X

184 452 281 482 esse
311 440 556 496 (Valet-ius:
595 438 765 495 praeda
794 438 1012 494 Etrusca).
1071 438 1221 494 Quare
1250 440 1486 495 quominus
1515 439 1720 495 Livium*
1761 481 1778 492 „

184 510 350 552 famam
381 510 509 551 illam
539 521 594 551 ex
623 508 805 552 Valerio
836 508 1037 571 hausisse
1066 521 1294 562 sumamus
1322 509 1431 551 nihil
1464 508 1623 552 obstat.
1668 504 1670 507 ’
1738 530 1849 554 w>

320 578 380 621 At
399 578 475 621 Th.
492 576 718 621 Friedrich
735 574 774 631 p.
791 577 846 619 22
863 581 906 620 et
922 576 977 620 33
998 590 1093 633 sqq.
1113 578 1214 621 aliis
1235 579 1504 633 argumentis
1519 577 1694 620 Livium
1865 625 1870 632 Ι
1888 578 1898 596 ³

184 649 229 690 in
260 660 355 702 cap.
383 647 441 690 46
473 659 528 689 ex
557 647 742 690 Valerio
772 646 883 688 nihil
905 647 1104 689 hausisse
1125 649 1387 690 confirmare
1410 648 1516 689 vult.
1575 646 1693 689 Dicit

185 716 304 759 enim
335 716 383 758 in
412 728 506 771 cap.
535 715 605 758 46.
635 716 691 757 10
720 715 748 757 l.
777 713 975 757 xxvm
1014 728 1041 757 a
1070 715 1201 758 Livio
1240 715 1431 758 eandem
1470 728 1564 758 esse
1599 728 1695 777 nat·

184 788 333 827 ratam
361 797 470 841 rem,
509 796 626 840 quae
664 785 709 826 in
749 796 844 840 cap.
885 785 951 826 19.
981 786 1008 826 5
1050 785 1076 825 1.
1116 785 1262 827 XXX.
1317 783 1435 828 Cum
1468 788 1619 837 autem
1649 786 1693 826 in
1756 786 1783 844 J
1884 782 1915 811 ⁶⁴

184 854 303 896 libro
325 854 461 896 XXX
481 853 716 897 Valerium
740 853 962 895 Antiatem
984 853 1084 895 Livi
1105 842 1270 896 fontem
1298 854 1435 897 fuisse
1464 857 1695 910 constaret,

184 924 238 965 cf.
271 921 465 965 Nitzsch:
495 922 570 964 die
599 927 708 964 rom.
741 920 990 964 Annalistik
1020 935 1059 976 p.
1081 923 1148 978 17,
1182 934 1374 978 cumque
1395 923 1550 965 Livius
1580 924 1693 965 iu'o.

182 991 251 1033 46.
282 992 340 1033 14
369 991 394 1032 l.
423 991 624 1034 XXVIII
664 990 865 1034 Coelium
907 995 951 1033 et
982 991 1215 1034 Valerium
1254 981 1450 1048 citasset.
1482 993 1579 1034 fieri
1607 990 1694 1034 noti

184 1062 392 1116 potuisse,
421 1061 532 1115 quin
563 1063 697 1116 caput
727 1061 784 1103 46
813 1061 840 1103 l.
870 1061 1069 1104 XXVIII
1099 1073 1158 1103 ex
1187 1060 1342 1104 Coelio
1372 1065 1583 1105 manaret.

317 1127 687 1184 Contemplemur
716 1129 866 1184 igitur,
896 1143 1003 1170 num
1024 1141 1093 1172 res
1113 1129 1177 1171 ita
1205 1141 1252 1171 se
1283 1130 1460 1171 habeat.
1517 1131 1691 1172 Poenus

182 1198 337 1241 decem
367 1198 510 1252 longis
539 1199 732 1240 navibus
760 1198 808 1239 in
832 1199 1024 1240 statione
1061 1210 1206 1254 prope
1228 1199 1450 1240 Savonem
1479 1197 1538 1240 ad
1570 1190 1693 1252 prae-

181 1267 348 1310 sidium
372 1267 568 1324 praedae
589 1268 768 1324 relictis‚
797 1269 955 1311 ceteris
977 1267 1290 1322 Carthaginem
1314 1268 1456 1317 missis
1482 1268 1537 1310 ad
1570 1271 1693 1317 tuen-

181 1337 287 1379 dam
315 1337 603 1379 maritumam
646 1348 784 1393 oram‚
823 1338 930 1392 quia
969 1337 1090 1379 fama
1130 1340 1226 1380 erat
1256 1337 1506 1392 Scipionem
1535 1337 1691 1379 traiec—

183 1411 349 1462 turum,
378 1407 474 1460 ipse
496 1407 727 1466 Montanos
757 1407 951 1448 instituit
981 1418 1241 1462 oppugnare
1270 1406 1506 1462 (XXVIII,
1519 1406 1588 1449 46.
1603 1405 1691 1462 10).

182 1476 315 1530 Mago
360 1476 506 1531 igitur,
551 1478 598 1516 ut
642 1475 750 1517 satis
793 1479 977 1530 apparet
1022 1488 1080 1517 ex
1124 1475 1213 1516 illis
1261 1476 1421 1531 verbiS‚
1471 1475 1697 1517 maiorem*

183 1545 366 1585 navium
405 1543 640 1598 longarum
681 1546 853 1596 partem
894 1544 1071 1597 (viginti
1110 1544 1269 1595 ferme)
1310 1555 1409 1585 eum
1446 1544 1690 1585 maioribus

183 1613 323 1669 copiis
352 1613 399 1655 in
430 1612 631 1655 Africam
673 1613 803 1668 misit,
837 1613 1053 1655 minorem
1085 1611 1283 1665 (decem)
1314 1625 1415 1654 cum
1447 1607 1693 1655 minoribus

183 1682 324 1737 copiis
363 1683 409 1723 in
454 1682 590 1723 Italia
634 1682 829 1723 retinuit.
898 1682 987 1723 Has
1030 1685 1181 1723 autem
1227 1683 1417 1724 minores
1463 1683 1609 1735 copias
1648 1682 1695 1723 in

182 1763 275 1805 cap.
315 1751 371 1793 19
412 1750 518 1792 libri
548 1750 683 1792 XXX
723 1751 799 1793 ille
838 1751 885 1792 in
926 1763 1059 1792 naves
1090 1751 1314 1804 imposuit.
1373 1750 1491 1792 Nam
1520 1751 1694 1792 Poenus

181 1832 283 1862 eum
315 1820 361 1861 in
390 1831 499 1874 agro
529 1820 764 1862 Insubrum
788 1819 1019 1862 Gallorum
1049 1832 1075 1861 a
1097 1821 1145 1861 P.
1175 1819 1392 1874 Quintilio
1416 1821 1534 1863 Varo
1564 1832 1694 1875 prae-

182 1892 278 1930 tore
319 1891 363 1930 et
394 1888 450 1930 Μ.
479 1887 686 1931 Cornelio
726 1889 986 1942 proconsule
1025 1890 1172 1930 victus
1213 1891 1258 1930 et
1292 1882 1551 1930 vulneratus
1580 1891 1695 1930 esset

181 1957 351 2012 (XXX,
380 1956 470 2012 18),
499 1967 694 2012 cumque
714 1957 853 2011 legati
874 1958 931 1999 ab
953 1957 1219 2011 Carthagine
1244 1957 1457 1999 adiissent
1474 1957 1692 1999 iubentes

180 2026 324 2078 primo
344 2036 525 2080 quoque
546 2029 744 2079 tempore
764 2027 807 2067 in
832 2026 1030 2068 Africam
1055 2026 1247 2068 traicere
1277 2026 1364 2078 (19.
1386 2027 1447 2081 2),
1476 2025 1693 2080 impositis

180 2093 319 2149 copiis
349 2093 395 2135 in
435 2105 570 2135 naves
610 2093 784 2148 (decem
825 2094 924 2135 illas
964 2105 1102 2136 naves
1132 2095 1306 2148 longas)
1338 2095 1568 2150 profectus,
1598 2095 1691 2135 vix-

180 2162 287 2203 dum
316 2161 528 2217 superatb.
558 2162 767 2204 Sardinia
796 2176 853 2204 ex
883 2163 1070 2205 vulnere
1102 2165 1286 2205 moritur
1316 2163 1401 2218 (19.
1432 2165 1489 2217 5).

249 2260 251 2263 -
315 2230 386 2272 Ex
415 2230 524 2272 locis
565 2231 831 2284 comparatis
873 2243 938 2286 ea,
979 2244 1095 2286 quae
1133 2232 1178 2272 in
1220 2243 1315 2287 oap.
1343 2232 1401 2273 46
1434 2232 1460 2273 l.
1489 2222 1693 2275 XXVIII
1773 2256 1776 2257 ν

181 2302 225 2341 et
254 2299 299 2341 in
332 2311 426 2353 cap.
465 2299 522 2340 19
553 2299 580 2340 l.
609 2299 745 2341 XXX
785 2305 1033 2354 narrantur,
1073 2301 1241 2355 optime
1283 2301 1398 2341 inter
1436 2313 1485 2342 se
1513 2312 1693 2356 respon-

178 2367 299 2424 dere,
328 2379 477 2423 neque
508 2366 695 2409 eandem
734 2380 829 2410 rem
872 2368 942 2410 bis
972 2381 1000 2410 a
1029 2369 1160 2411 Livio
1202 2381 1314 2415 esse,
1336 2368 1525 2411 relatam
1564 2369 1691 2411 intel-

175 2436 354 2492 legitur.
415 2436 567 2491 Quare
597 2447 685 2478 non
715 2436 945 2493 habemus,
973 2437 1094 2492 quod
1120 2437 1299 2479 Livium
1332 2441 1467 2491 caput
1495 2438 1552 2480 46
1582 2437 1692 2480 libri

179 2506 382 2551 XXVIII
413 2518 471 2548 ex
503 2506 742 2549 Valerio
774 2506 1012 2549 Antiate
1043 2507 1240 2549 hausisse
1271 2520 1492 2561 negemus.

315 2574 388 2617 Ad
418 2577 667 2617 extremum
700 2576 852 2630 paucis
883 2575 1114 2616 Livianam
1146 2559 1445 2617 narrationem
1475 2587 1575 2627 eum
1604 2575 1693 2630 Ap·

177 2644 310 2697 piano
341 2655 663 2697 comparemus.
722 2644 921 2685 Primum
965 2643 1118 2684 Livius
1157 2654 1320 2684 nomen
1350 2644 1563 2696 praefecti
1594 2643 1692 2685 Sar-

174 2711 324 2755 diniae
354 2713 484 2755 affert
514 2711 612 2765 (Cn.
635 2711 904 2769 Octavium),
935 2712 1162 2770 Appianus
1193 2711 1297 2753 dicit
1328 2712 1390 2752 nil
1422 2713 1528 2754 nisi:
1559 2710 1689 2767 ὀκτῆς
