1941 2999
23 1378 27 1385 .
2 1293 23 1321 ἐ
0 828 39 1170 ῑεὴῆιῑιῡῆῆἢὛῑ-ἐῑᾏεῖτι

1386 812 1402 848 ί

395 848 626 908 Permulti
654 867 836 908 fuerunt
865 867 953 908 viri
982 867 1116 923 docti,
1146 868 1225 923 qui
1254 868 1301 909 in
1330 866 1528 909 fontibus
1547 866 1747 909 Liviam

245 940 533 997 explorandis
571 943 865 982 versarentur.
932 941 994 983 Ut
1033 944 1185 983 autem
1228 931 1458 997 quaestio,'
1488 941 1649 995 quibus
1689 951 1749 982 ex

243 1010 438 1052 fontibus
467 1010 621 1051 Livius
660 1009 705 1050 in
736 1014 895 1064 quarta
926 1012 971 1051 et
999 1010 1154 1064 quinta
1183 1009 1352 1051 decade
1382 1009 1593 1065 hauserit,
1620 1020 1749 1065 prae-

217 1068 503 1121 ”clarissimis
534 1078 703 1120 Nissen-i
734 1081 777 1119 et
815 1077 971 1133 Unqeri
1001 1078 1130 1120 libris
1162 1078 1409 1129 (Kritische
1428 1077 1603 1120 Unters.
1632 1079 1747 1121 uber

245 1147 318 1189 die
348 1146 540 1202 Quellen
571 1147 651 1189 der
678 1146 719 1189 4.
744 1160 787 1188 u.
806 1148 845 1188 5.
875 1146 1057 1189 Decade
1086 1146 1164 1189 des
1184 1147 1345 1189 Livius.
1375 1147 1489 1189 Berl.
1509 1147 1643 1202 18633
1671 1146 1748 1189 die

242 1221 351 1264 rom.
380 1215 571 1270 Quellen
602 1216 681 1258 des
710 1215 805 1257 Liv.
834 1216 878 1257 in
908 1215 989 1257 der
1016 1216 1055 1258 4.
1087 1229 1128 1257 u.
1158 1217 1196 1257 5.
1238 1216 1429 1258 Decade.
1459 1216 1677 1270 Philolog.
1707 1216 1748 1258 S.

243 1284 323 1325 Bd.
352 1285 439 1338 ΙΙΙ)
481 1284 539 1335 ad
569 1283 794 1338 liquidum
824 1283 1041 1339 perducta
1071 1287 1148 1339 est,
1187 1285 1252 1325 ita
1280 1283 1338 1325 de
1377 1284 1536 1326 tertiae
1565 1283 1750 1326 decadis

242 1353 439 1394 fontibus
480 1353 679 1395 homines
719 1352 839 1394 docti
878 1352 1027 1406 adhuc
1062 1353 1197 1407 plane
1235 1353 1352 1394 inter
1391 1365 1439 1394 se
1472 1352 1749 1394 dissentiunt.

241 1419 380 1462 Nobis
411 1421 530 1462 enim
560 1421 697 1463 libros
731 1421 911 1463 illorum
951 1421 1281 1476 perlegentibus
1311 1420 1431 1462 duae
1468 1420 1748 1476 potissimum

244 1493 482 1531 occurrunt
508 1490 768 1546 sententiae,
798 1502 886 1531 una
911 1489 1153 1544 Polybium
1174 1490 1439 1545 primarium
1459 1490 1561 1531 Livi
1581 1490 1749 1532 fontem

241 1558 378 1600 fuisse
406 1559 453 1599 in
483 1559 608 1601 libris
637 1559 750 1600 XXI
781 1563 826 1600 et
855 1557 1003 1613 XXII,
1033 1558 1176 1600 altera
1196 1558 1375 1600 Livium
1403 1561 1447 1599 in
1477 1557 1597 1600 bello
1628 1558 1746 1600 Han—

243 1628 438 1670 nibalico
468 1627 690 1669 narrando
721 1632 799 1669 aut
837 1628 948 1669 nihil
977 1640 1036 1669 ex
1065 1629 1314 1681 Polybiano
1344 1639 1481 1682 opere
1508 1627 1748 1683 sumpsisse

240 1699 319 1737 aut
347 1696 392 1736 in
432 1696 680 1750 posteriore
719 1695 902 1738 demum
924 1696 1102 1750 ,tertiae
1141 1695 1321 1738 decadis
1361 1698 1492 1751 parte
1529 1707 1582 1738 6ο
1617 1708 1747 1738 usum

241 1776 349 1807 esse.
408 1763 666 1817 Oongruunt
703 1768 855 1806 autem
886 1765 1087 1813 omnium
1126 1765 1220 1806 fere
1260 1765 1305 1806 in
1336 1778 1474 1806 unum
1501 1765 1748 1807 sententiae

195 1836 202 1841 “
239 1833 416 1874 Livium
449 1833 495 1887 L.
515 1830 644 1891 Coeli
664 1832 890 1888 Antipatri
911 1833 1118 1875 historias
1146 1833 1194 1874 in
1224 1845 1355 1875 usum
1385 1845 1580 1876 vocasse.
1639 1832 1746 1888 Qui-

238 1901 324 1943 bus
353 1900 412 1943 de
432 1904 573 1943 causis
595 1901 717 1943 haud
737 1902 934 1944 alienum
952 1901 1065 1943 mihi
1086 1914 1181 1943 esse
1203 1900 1397 1957 videtur,
1424 1902 1578 1957 paucis
1597 1902 1747 1944 vorbis

238 1969 374 2012 libros
394 1971 719 2026 sententiasque
739 1971 797 2013 ab
818 1971 1070 2013 hominibus
1090 1970 1231 2013 doctis
1256 1970 1313 2014 de
1331 1971 1525 2014 fontibus
1545 1971 1746 2013 Livianis

240 2039 401 2081 tertiae
431 2039 613 2082 decadis
642 2040 837 2095 prolatas
868 2040 1044 2082 afferre.
1104 2041 1355 2096 Praecipue
1374 2045 1526 2084 autem
1551 2040 1660 2096 quid
1689 2040 1748 2083 de

241 2106 394 2150 Coelio
425 2112 571 2151 nostro
600 2108 905 2151 iudicaverint
933 2109 1239 2165 respiciamus.

377 2178 443 2219 De
471 2177 729 2232 fragmentis
760 2176 983 2220 Coelianis
1014 2177 1273 2231 colligendis
1303 2181 1443 2232 atque
1471 2177 1747 2231 explicandis

239 2245 375 2300 primi
412 2245 526 2287 bene
554 2249 816 2288 meruerunt
856 2246 999 2288 Nauta
1029 2249 1072 2288 et
1101 2245 1242 2288 Groen
1272 2258 1355 2287 van
1385 2245 1649 2287 Prinsterer:
1688 2244 1745 2286 de

176 2321 185 2328 ·
240 2315 285 2357 L.
306 2313 460 2357 Coelio
479 2313 714 2371 Antipatro
746 2316 952 2358 historico
981 2314 1092 2357 belli
1113 2316 1219 2357 Pun.
1239 2314 1422 2357 secundi
1441 2314 1485 2355 in
1507 2313 1741 2355 annalibus

239 2382 499 2424 academiae
527 2384 966 2438 Lugduno-Batavae
986 2383 1225 2435 1820—21‚
1255 2384 1333 2437 qui
1363 2395 1421 2424 ex
1449 2382 1746 2424 similitudine

238 2453 354 2494 inter
384 2452 508 2494 Coeli
537 2453 771 2508 relliquias
791 2457 836 2496 et
855 2453 957 2495 Livi
977 2453 1209 2495 historiam
1232 2453 1348 2493 hunc
1369 2461 1428 2492 ex
1447 2452 1524 2493 illo
1549 2451 1745 2492 hausisse

239 2521 557 2573 concluserunt.
615 2521 668 2562 In
709 2521 866 2564 eadem
906 2521 1124 2563 sententia
1163 2524 1227 2562 est
1267 2519 1340 2562 Fr.
1377 2519 1648 2562 Lachmann:
1687 2519 1745 2561 de

238 2589 431 2632 fontibus
454 2586 738 2631 historiarum
764 2590 813 2631 T.
835 2590 935 2632 Livi
964 2589 1276 2632 commentatio
1296 2589 1451 2630 altera.
1481 2588 1744 2642 Goettingae

1470 2666 1493 2700 1
