1941 2999
145 224 189 280 ἐξ
208 203 503 280 s-sssamnium,
509 219 613 263 inde
641 220 689 263 in
708 220 944 275 Paelignos
966 221 1219 277 pervenisse
1238 224 1506 277 praeterque
1527 151 1747 278 oppidum

151 291 172 337 ΓΥ
241 286 504 339 Sulmonem
538 290 582 333 in
617 289 896 344 Marrucinos
927 290 1158 346 transisse,
1196 289 1300 334 inde
1331 289 1516 333 Albensi
1557 301 1666 344 agro
1703 291 1750 333 in

241 349 440 421 Marsos,
461 358 566 400 hine
594 358 868 408 Amiternum
899 358 1176 414 Forulosque
1205 360 1354 401 vicum
1384 359 1567 403 venisse.
1604 371 1750 416 neque

150 423 210 487 ῗζῗ
241 428 314 472 ibi
337 439 464 470 error
493 430 571 483 est,
600 427 722 482 quod
756 428 867 470 tanti
898 428 1023 470 ducis
1058 428 1261 483 tantique
1299 429 1525 470 exercitus
1554 429 1747 484 vestigia

39 517 74 539 τ
241 498 358 547 intra
372 498 470 539 tam
486 496 643 539 brevis
658 497 762 543 aevi
791 496 1056 539 memoriam
1085 496 1311 550 potuerint
1341 496 1547 543 confundi
1574 519 1633 527 —
1659 498 1746 539 isse

243 553 362 623 enim
391 568 636 608 eaconstat
656 589 725 622 —,
755 567 928 608 tantum
958 565 1005 607 id
1024 566 1217 621 interest,
1247 566 1474 609 veneritne
1504 578 1558 609 eo
1588 567 1746 609 itinere

0 629 97 688 {⁴³7³
123 647 141 669 tt
172 678 183 681 ⁷⁷
234 627 297 679 'ad
319 623 502 690 urbem,
532 646 590 677 an
620 634 678 677 ab
708 634 821 677 urbe
850 635 896 676 in
924 633 1218 691 Campaniam
1248 634 1443 677 redierit.

83 744 91 759 2
108 746 112 761 Ξ
130 738 145 744 ψ,
376 703 446 745 Ex
472 704 562 746 his
600 703 757 749 verbis
804 705 910 747 satis
950 704 1097 747 elucet
1147 703 1448 748 Hannibalem
1496 703 1743 747 secundum

97 770 102 775 ⁴
178 791 179 794 ¹
241 773 442 824 Coelium
473 767 717 828 ingressum
740 785 834 815 esse
863 774 947 815 hoc
975 774 1082 816 iter:
1113 774 1284 815 Poenus
1306 773 1578 817 Volturnum
1607 777 1747 815 trans·

241 854 415 898 gressus
434 854 516 898 per
535 842 752 884 Samnites
772 844 951 898 praeter
970 842 1186 898 Teanum,
1195 841 1453 898 Venafrum,
1474 842 1747 897 Aeserniam,

18 961 26 968 ,
168 911 190 948 ‘T'
223 900 508 968 V’Aufidenam
547 912 593 952 in
621 911 856 965 Paelignos
887 911 1101 966 pervenit,
1135 910 1297 952 deinde
1328 913 1502 964 praeter
1531 909 1744 964 oppidum

3 1013 78 1042 ἐμ,
241 980 496 1022 Sulmonem
537 981 581 1020 in
612 979 891 1021 Marrucinos
925 979 1109 1035 transiit,
1148 982 1243 1021 tum
1282 991 1365 1035 per
1385 979 1668 1029 ,Marrucinos
1698 979 1746 1021 in

0 1081 25 1103 s„
107 1054 110 1055 ’
240 1049 551 1102 Paelignorum
591 1048 698 1090 fines
736 1048 880 1104 rediit,
919 1048 1022 1090 inde
1064 1048 1247 1091 Albensi
1286 1048 1346 1090 ad
1381 1048 1600 1090 Fucinum
1634 1060 1743 1103 agro

0 1112 6 1122 ’
240 1118 287 1160 ιιι
316 1118 497 1176 Marsos,
536 1117 640 1159 hinc
680 1117 776 1170 (via
806 1109 997 1160 Claudia
1013 1117 1174 1170 Nova)
1214 1118 1507 1173 Amiternum,
1545 1117 1745 1173 Forulos,

241 1187 442 1243 Cutilias,
471 1187 613 1229 Reate
642 1187 778 1243 venit,
808 1189 904 1229 tum
931 1187 1009 1229 via
1038 1187 1211 1229 Salaria
1235 1187 1428 1229 Romam
1457 1189 1610 1242 petens
1639 1186 1745 1229 Ere-

240 1260 334 1299 tum
365 1257 665 1310 pervenit3at
692 1255 795 1297 inde
820 1256 1011 1298 devertit
1034 1257 1078 1297 in
1103 1256 1330 1298 Etruriam
1349 1256 1506 1311 ibique
1525 1256 1745 1312 templum

0 1333 93 1373 ἵ
122 1354 128 1356 -
185 1324 203 1342 ·’
224 1323 434 1381 'diripuit
483 1325 687 1380 Denique
716 1325 835 1366 viam
869 1324 1136 1366 Flaminiam
1174 1325 1396 1379 ingressus
1436 1326 1520 1366 iter
1553 1324 1746 1367 Romam

0 1384 16 1407 ⁵
29 1383 39 1392 ’⁴
90 1389 96 1395 ’
240 1393 418 1437 direxit.
1564 1413 1605 1433 ,η

128 1519 131 1521 ‚
377 1461 624 1506 Videamus
643 1475 759 1505 nunc
778 1474 867 1517 qua
886 1462 964 1504 via
991 1462 1211 1504 Hannibal
1247 1461 1492 1505 secundum
1521 1461 1617 1505 Liv.
1645 1475 1743 1505 nar-

0 1548 43 1595 ³⁴:
148 1535 151 1536 ’
238 1533 454 1575 rationem
493 1533 685 1574 Romam
725 1532 914 1588 petierit,
953 1544 1059 1573 num
1098 1532 1327 1574 Romam
1367 1531 1660 1587 proficiscens,
1695 1534 1744 1573 ut

116 1606 122 1615 ³
239 1604 309 1652 est>
335 1601 455 1658 apud
488 1600 704 1657 Coelium,
733 1601 950 1643 Feroniae
979 1601 1195 1655 templum
1225 1600 1496 1655 spoliaverit.

0 1676 31 1693 N
103 1663 117 1668 ⁸
362 1666 601 1721 ,Hannibal
641 1670 911 1713 Vulturnum
965 1672 1258 1723 transgressus
1307 1671 1482 1722 praeter
1527 1667 1656 1711 Cales
1698 1670 1744 1711 in

229 1748 395 1793 agrum
428 1738 671 1782 Sidicinum
703 1738 920 1794 pervenit.
958 1738 1022 1780 ibi
1051 1736 1172 1779 diem
1202 1750 1339 1779 unum
1369 1737 1623 1794 populando
1653 1750 1745 1782 mo-

124 1842 157 1851 „
189 1811 202 1821 ⁶
238 1811 365 1851 ratus
404 1820 482 1863 per
521 1808 787 1850 Suessanum
829 1807 1162 1862 Allifanumque
1203 1810 1245 1849 et
1289 1806 1542 1850 Casinatem
1582 1821 1741 1863 agrum

0 1887 133 1918 v-
237 1872 333 1929 'via
372 1877 581 1919 Latina
620 1876 752 1918 ducit.
810 1875 903 1918 Sub
934 1874 1095 1918 Casino
1137 1875 1271 1918 biduo
1309 1876 1475 1918 stativa
1510 1877 1668 1919 habita
1698 1880 1743 1919 et

0 1936 13 1945 ”
237 1946 402 2000 passim
431 1946 735 2002 populationes
764 1945 920 1987 factae.
951 1943 1009 1997 (9.
1031 1945 1091 1997 2).
1120 1943 1222 1987 inde
1242 1948 1420 2003 praeter
1438 1945 1742 1988 Interamnam

237 2015 552 2070 Aquinumque
583 2016 629 2056 in
650 2005 961 2069 Fregellanum
991 2026 1148 2069 agrum
1179 2013 1235 2056 ad
1246 2014 1394 2073 ,Lirim
1424 2014 1609 2056 fluvium
1639 2027 1746 2057 ven-

236 2087 329 2137 tum
371 2085 430 2137 (9.
459 2085 520 2137 3).
557 2083 850 2140 perpopulato
890 2095 998 2138 agro
1037 2081 1301 2138 Fregellano
1340 2096 1422 2138 per
1460 2084 1741 2126 Frusinatem

230 2153 655 2208 ‘Ferentinatemque
684 2155 729 2194 et
750 2152 1218 2211 Anagninumlagrum
1248 2152 1294 2193 ιιι
1319 2151 1593 2195 Labicanum
1623 2154 1744 2195 venit

40 2267 43 2270 ¹
152 2259 154 2261 ,
237 2222 296 2273 (9.
327 2223 403 2276 11)
421 2220 548 2279 ,Ιιιιᾶθ
577 2222 742 2278 Algido
771 2222 1015 2265 Tusculum
1055 2222 1194 2279 petiit,
1223 2234 1304 2265 nee
1337 2225 1548 2278 receptus
1577 2223 1744 2266 moeni-

235 2293 316 2343 bus
356 2293 470 2335 infra
499 2292 742 2335 Tusculum
782 2292 1041 2336 dextrorsus
1081 2291 1248 2338 Gabios
1286 2291 1522 2334 descendit.
1561 2291 1667 2334 inde
1696 2293 1743 2334 in

102 2407 111 2419 Τ
222 2361 475 2417 Pupiniam
505 2362 708 2404 exercitu-
736 2362 924 2407 demisso
963 2364 1059 2404 octo
1099 2362 1223 2403 milia
1262 2373 1474 2415 passuum
1508 2361 1566 2403 ab
1597 2362 1743 2403 Roma

183 2444 203 2479 ᾗ
233 2431 382 2484 posuit
422 2433 566 2474 castra
606 2432 794 2484 (9.12).
842 2431 955 2472 inter
1004 2431 1131 2472 haee
1152 2429 1379 2472 Hannibal
1427 2429 1480 2472 ad
1525 2429 1740 2472 Anienem

108 2500 112 2501 ⁷
160 2531 168 2534 <
233 2497 419 2549 fluvium
456 2501 581 2542 tria
619 2500 784 2541 milia
822 2511 1089 2556 passuum
1128 2499 1195 2541 ab
1235 2498 1376 2541 urbe
1415 2501 1606 2540 castra
1647 2499 1741 2540 ad-

230 2568 425 2623 [movit.
463 2569 530 2610 ibi
559 2569 733 2611 stativis
762 2569 915 2623 positis
943 2569 1038 2624 ipse
1067 2580 1168 2610 cum
1200 2568 1374 2611 duobus
1405 2568 1588 2610 milibus
1617 2568 1741 2622 equi-

235 2638 328 2677 tum
359 2635 415 2678 ad
454 2640 678 2696 portam
710 2636 994 2680 Collinam
1037 2649 1175 2692 usque
1204 2637 1259 2679 ad
1291 2636 1498 2679 Herculis
1526 2636 1742 2690 templum
