1941 2999
225 157 357 220 ἐ’-σεε
378 154 507 224 fonte
560 169 1055 232 volunt,sentent1as
1035 131 1293 221 ιειείἱειε
1326 165 1398 228 stu

154 254 159 255 ⁷
222 242 364 288 *enim
391 222 691 299 statuimuset
709 226 961 286 iudicamus
986 234 1089 285 αΤ.
1119 241 1284 284 Livio
1314 224 1635 296 inbello'H·

243 312 533 358 narrando
565 311 680 365 (vel
698 307 765 367 in
782 308 974 369 tertia
1008 307 1247 366 decade)
1278 311 1325 353 L.
1359 307 1711 383 (ὶᾳεῑιιιιιιᾼ,

243 384 526 438 tipatrum
553 392 667 424 ιιοιι
690 364 1021 424 adhibitum
1050 391 1177 422 esse
1207 382 1539 437 auctorem.
1583 393 1631 428 1⁷-
1694 403 1716 412 -

378 450 519 503 Nobis
549 452 703 499 autem
730 449 972 505 scriptores
1011 437 1182 504 nostros
1211 446 1562 504 dihgeatisslme
1579 432 1756 506 compa-
1786 450 1789 463 ³

241 522 444 573 rantibus
474 518 589 565 tria
609 518 800 563 Coelii
818 520 1284 574 fragmentorum
1316 530 1530 574 genera
1558 525 1755 561 occur-

241 593 397 647 runt,
433 601 675 645 quorum
719 601 885 639 unum
916 589 984 631 ab
1012 589 1119 645 eis,
1158 600 1305 643 quae
1333 586 1537 630 Livius
1568 586 1635 638 de
1663 582 1755 630 θεὲ

242 659 364 714 dem
420 671 479 701 re
531 661 695 713 gesta
748 650 1059 704 memoriae
1097 655 1390 710 prodidit,
1438 655 1756 711 discrepat,
1780 698 1785 701 ,
1806 691 1815 704 ⁷.

236 727 405 770 aliud
449 739 571 770 cum
614 725 954 770 narratione
992 725 1241 768 Liviana
1286 724 1600 781 consentit,
1643 720 1754 766 ter'-
1815 728 1829 770 -ζ
1858 713 1940 775 ’Ἀρι

243 798 385 840 tium
413 809 520 840 non
549 799 744 839 exstat
773 795 945 851 apud
955 795 1195 838 Livium.
1800 783 1804 786 ³

381 866 450 908 Ac
468 866 667 920 primum
687 863 870 920 quidem
890 864 948 906 de
968 863 1192 906 Coelianis
1221 864 1309 906 illis
1338 832 1609 920 fragmentis,
1639 876 1756 919 quae
1844 857 1941 923 ³4:323<

243 949 271 978 a
300 935 429 978 Livio
459 935 712 990 abhorrent,
742 933 1032 989 disputemus.
1812 932 1814 935 ’
1864 928 1866 930 ’
1903 925 1907 930 “

381 1005 595 1057 Fragm.
624 1004 652 1043 9
682 1002 893 1055 (Peter).
883 1001 1018 1044 Non.
1048 1015 1080 1044 s,
1098 1015 1140 1043 v.
1163 1001 1375 1043 dedicare
1404 1014 1444 1055 p.
1454 980 1548 1043 280
1577 1000 1765 1045 Caelius

245 1074 291 1115 in
320 1072 552 1115 annalium
581 1070 695 1113 libro
731 1070 897 1124 primo:
936 1070 1093 1124 Legati
1133 1080 1223 1124 quo
1262 1069 1384 1111 missi
1418 1071 1521 1111 sunt
1559 1070 1757 1125 veniunt,

242 1140 451 1184 dedicant
480 1138 704 1181 mandata.

377 1208 506 1264 Quae
544 1208 686 1259 verba
725 1206 873 1252 Nauta
915 1208 975 1261 (p.
1006 1206 1082 1259 24)
1124 1207 1291 1261 aliique
1331 1207 1529 1248 referunt
1567 1206 1626 1248 ad
1655 1190 1765 1253 illos

245 1279 432 1337 legatos
452 1275 511 1320 ad
541 1275 842 1319 Hannibalem
881 1274 1211 1330 exposcendum
1252 1278 1331 1318 aut
1369 1275 1409 1318 si
1447 1276 1532 1318 hoc
1561 1287 1649 1318 non
1678 1277 1757 1318 im·
1826 1307 1830 1312 ,
1868 1316 1871 1319 ,
1898 1268 1941 1310 53·

245 1349 485 1403 patrarent,
525 1345 585 1388 ad
615 1344 782 1388 bellum
823 1344 1107 1387 indicendum
1139 1358 1168 1386 a
1196 1345 1411 1387 Romanis
1441 1343 1756 1400 Carthaginem

246 1417 415 1472 missos,
446 1415 544 1457 coll.
574 1415 668 1457 Liv.
689 1414 814 1471 XXI,
830 1410 903 1470 18,
922 1415 950 1455 3
974 1414 1141 1457 verbis:
1172 1414 1282 1456 nihil
1304 1413 1423 1456 ultra
1444 1426 1580 1469 quam
1602 1427 1756 1466 unum

245 1484 369 1541 quod
412 1483 672 1535 mandatum
716 1486 837 1538 erat,
890 1485 1200 1536 percunctatus
1246 1480 1372 1525 esset.
1451 1483 1536 1525 Sed
1581 1487 1756 1526 tantum
1926 1519 1931 1524 ..

246 1553 387 1609 abest,
415 1557 466 1594 ut
494 1564 554 1594 ex
584 1563 674 1594 uno
705 1552 847 1593 verbo
876 1550 1187 1607 „mandatum“
1222 1552 1330 1598 certi
1360 1544 1604 1606 quidquam
1637 1544 1757 1595 effici
1824 1552 1827 1553 ’
1878 1542 1883 1556 ²
1918 1542 1941 1596 ss

247 1623 395 1678 possit,
434 1626 486 1665 ut
519 1618 678 1666 contra
717 1619 921 1670 Coelium
961 1632 1065 1662 cum
1103 1620 1229 1663 Livio
1269 1619 1502 1663 dissentire
1541 1620 1628 1663 hoc
1660 1621 1757 1676 ipso
1773 1652 1788 1671 ,-
1823 1607 1826 1611 ’
1939 1637 1941 1639 ’

244 1692 381 1741 liceat
421 1691 693 1734 confirmare.
751 1689 869 1733 Nam
905 1688 1087 1733 Coelius
1127 1690 1281 1734 scribit
1319 1689 1590 1733 mandata
1629 1692 1757 1746 (ergo

248 1760 522 1817 complura),
567 1759 720 1803 Livius
765 1759 951 1804 diserte:
1006 1770 1195 1815 unum,
1240 1758 1388 1813 quod
1433 1758 1757 1807 mandatum

247 1833 384 1873 erat.
443 1826 647 1872 Accedit
671 1827 791 1883 quod
831 1827 958 1871 Titus
997 1829 1042 1870 in
1083 1831 1104 1879 §
1140 1829 1165 1871 2
1206 1827 1264 1871 de
1303 1840 1391 1872 uno
1427 1828 1639 1874 mandato
1681 1828 1760 1882 (de
1904 1871 1917 1880 „
1932 1866 1941 1882 „-

246 1899 370 1943 bello
391 1896 644 1953 indicendo,
673 1909 760 1939 non
783 1896 840 1939 de
859 1896 1115 1940 Hannibale
1135 1897 1435 1953 exposcendo)
1456 1898 1580 1940 dicit:
1611 1898 1760 1954 legati,
1822 1910 1829 1914 ¹
1886 1924 1893 1927 Δ
1924 1888 1941 1926 ’ἶῖ

246 1969 282 2011 si
322 1967 507 2024 publico
547 1966 731 2010 consilio
770 1966 1001 2009 Hannibal·
1035 1965 1283 2021 Saguntum
1320 1970 1635 2025 oppugnasset,
1674 1968 1758 2009 in-

246 2037 273 2080 d
286 2037 511 2079 icerent
533 2034 701 2091 populo
717 2033 1072 2089 Carthaginiensi
1088 2034 1246 2085 bellu
1260 2047 1315 2076 m.
1346 2033 1499 2091 Quare
1516 2033 1562 2078 0.
1574 2034 1759 2078 Gilbert.
1806 2080 1809 2082 ,
1850 2088 1853 2091 ᾗ

248 2107 331 2148 Die
352 2106 424 2148 Fr.
444 2118 486 2161 p.
506 2104 593 2147 408
614 2103 672 2146 ad
702 2103 972 2157 legationem
1001 2103 1135 2146 Fabii
1154 2116 1183 2146 a
1202 2104 1394 2158 Polybio
1423 2104 1502 2160 III,
1524 2105 1592 2146 20.
1608 2105 1635 2146 6
1665 2118 1758 2160 sqq.
1896 2093 1941 2117 ‘³

247 2176 479 2216 narratam
507 2175 629 2215 recte
658 2172 744 2214 hoc
772 2172 823 2214 fr.
853 2171 1037 2214 rettulit.
1795 2166 1801 2171 “
1827 2172 1831 2173 ’

386 2240 717 2295 Fragm.11.
776 2238 929 2282 Livius
959 2241 1005 2283 in
1035 2240 1159 2297 XXI,
1189 2241 1256 2283 22.
1286 2241 1312 2283 6
1347 2242 1567 2283 εοιιιιιίιιιιι
1596 2241 1760 2283 Hanni-

250 2310 362 2355 balis
388 2312 555 2371 narrat,
584 2309 711 2352 cuius
733 2309 867 2351 etiam
890 2307 1046 2352 Cicero
1068 2308 1127 2352 de
1147 2308 1237 2352 div.
1266 2309 1301 2366 Ι,
1321 2309 1390 2367 24,
1408 2310 1466 2352 49
1487 2309 1758 2353 mentienem

248 2380 366 2423 facit.
424 2369 575 2434 Atque
606 2376 866 2420 Ciceronem
906 2377 972 2420 ibi
1001 2389 1089 2421 non
1120 2390 1178 2420 ex
1209 2378 1371 2435 Sileno,
1405 2378 1486 2421 sed
1517 2390 1577 2420 ex
1603 2377 1762 2424 Coelio

247 2450 484 2504 Antipatro
515 2448 714 2491 hausisse
750 2447 965 2504 Wofflin.
996 2448 1242 2495 Antiochus
1271 2461 1311 2503 p.
1341 2449 1397 2490 25
1427 2439 1791 2495 demonstravit,

248 2518 364 2561 Cum
394 2520 545 2560 autem
573 2518 688 2559 inter
718 2516 841 2560 duas.
858 2518 1135 2560 narrationes
1165 2529 1350 2572 magnus
1371 2520 1484 2560 esset
1501 2527 1759 2571 consensus,
1824 2526 1889 2575 χρ·

249 2587 428 2628 Livium
458 2586 506 2628 in
534 2587 703 2629 somnio
733 2585 997 2628 Hannibalis
1027 2582 1321 2630 describendo
1364 2585 1524 2628 ducem
1555 2579 1760 2627 secutum
1792 2586 1796 2590 '
1819 2611 1822 2613 -
1844 2578 1941 2644 ‘aff-:Aa

252 2667 346 2698 esse
386 2653 593 2697 Coelium
631 2666 862 2710 apparere.
930 2655 1016 2696 illa
1055 2659 1116 2696 est
1162 2655 1381 2697 sententia
1424 2655 1622 2697 omnium
1669 2652 1762 2693 fere
