1941 2999
169 130 178 149 '¹
165 156 297 212 non
327 132 446 223 apud
465 125 684 218 Qoelium,
711 159 792 205 sed
801 119 974 205 ''verbaz
1003 173 1119 219 „quo
1143 161 1272 204 illum
1294 164 1489 204 utentem
1511 160 1720 216 progredi

136 250 142 278 z
213 231 457 293 coepisse“;
477 244 560 288 pro
592 235 714 286 „tum
742 231 786 274 ei
815 230 973 290 ducem
993 230 1125 274 illum
1142 231 1425 286 praecepisse
1454 242 1509 272 ne
1538 231 1720 285 respi-

79 291 114 302 ἰ
215 297 589 348 ceret“Livius:
609 312 753 355 neque
774 308 960 355 usquam
982 312 1086 343 ase
1116 299 1470 342 deflecteret
1499 298 1718 353 oculos3

107 359 124 418 ’ἶ
149 363 152 365 ’
184 386 197 408 t
213 371 401 426 Liviana
430 368 570 412 verba
598 367 836 424 „pavidum
859 363 1010 423 primo
1044 379 1260 422 nusquam
1290 367 1717 423 circumspicientem

24 465 58 489 a
170 427 293 484 ”saut
321 437 634 494 respicientem
661 435 889 479 secutum“
919 436 1039 492 apud
1067 435 1271 479 Coelium
1300 446 1385 477 non
1414 436 1718 491 reperiuntur3
1760 466 1769 474 ,.

197 519 296 564 „pro
343 506 496 561 „illum
535 508 685 547 autem
718 505 771 547 'id
816 505 1007 547 diurtiu
1021 518 1041 547 s
1080 506 1274 546 facere
1312 515 1376 545 no
1389 517 1416 545 n
1456 504 1718 559 potuisse

198 597 200 599 >
214 568 468 630 elatumque
497 587 521 616 c
533 587 563 614 u
573 588 603 629 p
613 574 631 615 i
641 573 671 616 d
682 574 699 615 i
711 577 725 616 t
737 586 765 616 a
776 576 793 616 t
804 586 828 615 e
867 571 1141 630 respexisse“
1198 572 1350 615 Livius
1381 573 1557 629 copiose
1587 572 1717 615 dicit:

45 690 55 699 .
90 644 117 673 ²*
179 686 182 687 ⁷
217 640 406 700 „deinde
449 655 585 684 cura
627 643 794 697 ingenii
839 643 1036 698 humani,
1081 655 1197 698 cum,
1243 641 1456 697 quidnam
1501 640 1549 683 id
1592 645 1718 698 esset,

215 712 333 769 quod
363 712 584 767 respicere
614 712 778 754 vetitus
809 714 934 768 esset,
974 712 1164 767 agitaret
1194 711 1356 767 animo,
1394 714 1718 767 temperare

214 770 401 824 oculis
440 778 822 835 nequivisse“;
861 792 941 835 pro
981 783 1101 836 „tum
1141 781 1286 822 visam
1326 780 1504 822 beluam
1545 783 1718 822 vastam

213 846 258 892 et
287 851 581 890 immanem
614 849 1004 904 'circumplicatam
1042 849 1319 902 serpentibus
1359 861 1627 903 quacunque
1655 850 1718 891 in·

193 917 403 971 eederet,
432 917 581 958 omnia
600 917 700 958 arb
715 920 865 972 usta3
893 917 1105 972 virguth
1127 921 1242 958 tecta
1261 914 1544 977 pervertere“
1563 917 1717 958 Livius
1760 911 1764 915 “

162 1037 164 1039 ¹
212 983 413 1028 brevius:
452 989 572 1042 „tum
603 985 768 1028 vidisse
796 988 894 1042 post
923 998 1020 1029 sese
1048 984 1299 1042 serpentem
1333 987 1476 1028 mira
1505 988 1717 1040 magni-

213 1054 412 1099 tudine
457 1067 556 1095 cum
606 1055 772 1108 ingenti
816 1055 1084 1097 arborum
1130 1067 1183 1096 ac
1227 1055 1525 1109 virgultorum
1567 1057 1716 1109 strage

212 1122 364 1178 ferri“;
393 1126 508 1165 tecta
538 1123 656 1179 apud
687 1123 861 1165 Livium
891 1125 1054 1166 frustra
1082 1136 1282 1178 quaeres.

344 1192 537 1247 Reliqua
554 1194 641 1234 iam
663 1204 798 1247 supra
828 1193 1287 1235 commemoravimus.
1336 1192 1551 1235 Videmus
1579 1193 1716 1247 igitur

215 1262 366 1313 omnia
394 1261 487 1302 fere
514 1260 725 1302 Coeliana
745 1261 885 1303 verba
915 1261 1034 1316 apud
1065 1261 1243 1303 Livium
1273 1261 1453 1315 expleta
1481 1274 1575 1304 esse
1605 1262 1718 1317 aliis,

214 1331 411 1385 satisque
450 1342 508 1371 ex
548 1330 754 1372 omnibus
795 1330 862 1371 his
902 1331 1045 1372 causis
1081 1331 1277 1384 intellegi
1313 1334 1455 1385 potest
1492 1330 1718 1372 Liwium

213 1401 269 1441 in
296 1398 513 1441 somnio
543 1398 890 1441 Hannibalis
924 1399 1248 1442 enarrando
1278 1412 1347 1441 ex
1375 1399 1580 1442 Coelio
1609 1412 1715 1442 non

211 1468 487 1509 hausisse.

344 1537 572 1579 Somnium
614 1536 724 1580 illud
773 1539 951 1592 praeter
991 1537 1182 1593 Livium,
1232 1536 1715 1581 Coelium-Ciceronem

211 1606 409 1659 aliosque
448 1605 581 1646 etiam
622 1606 815 1647 Zonaras
846 1606 966 1661 VIII,
1000 1606 1070 1650 22.
1097 1609 1258 1661 narrat,
1299 1607 1378 1661 qui
1414 1607 1600 1649 Dionem
1641 1619 1717 1649 ex-

209 1675 392 1730 scripsit.
450 1673 550 1729 Qua
579 1686 628 1715 re
659 1674 776 1715 haud
807 1675 1008 1729 ineptum
1039 1686 1135 1716 esse
1163 1674 1272 1716 mihi
1304 1674 1482 1717 videtur
1512 1676 1710 1718 Zonarae

210 1743 509 1786 narrationem
548 1755 646 1784 cum
684 1743 812 1785 Livio
852 1746 895 1785 et
936 1742 1089 1785 Coelio
1131 1755 1409 1798 comparare,
1451 1745 1714 1799 praesertim

211 1824 313 1853 cum
342 1810 507 1853 Posner
546 1825 587 1866 p.
613 1805 678 1852 '18
719 1823 841 1866 sqq.·
870 1809 1075 1853 Coelium
1114 1812 1196 1853 hoc
1234 1811 1333 1878 lpco
1362 1812 1528 1855 fontem
1558 1812 1713 1855 Dionis

210 1892 305 1922 esse
344 1880 465 1922 velit.
524 1880 674 1935 Atque
712 1881 891 1931 ineunte
931 1880 1110 1935 quidem
1151 1881 1407 1923 narratione
1446 1880 1627 1924 Coelius
1667 1884 1712 1924 et

210 1949 297 1991 Dio
329 1950 580 2004 conspirant
609 1944 839 1993 narrantes
859 1949 1156 1991 Hannibalem
1185 1949 1230 1991 in
1257 1949 1445 1992 deorum
1475 1950 1712 1992 concilium

209 2021 420 2060 vocatum
462 2030 575 2073 esse:
614 2016 788 2074 Ἀννίβᾳ
826 2016 947 2069 ἔδοξέ
987 2031 1091 2059 ποτε
1129 2018 1227 2067 τοὺς
1260 2017 1389 2068 θεοὺς
1430 2017 1473 2060 ἐν
1505 2016 1718 2074 ἐκκλησίᾳ

209 2083 481 2141 ’καθημένους
501 2084 868 2142 μεταπέμψασθαί
881 2100 927 2128 τε
946 2086 1074 2129 αὐτὸν
1097 2085 1171 2128 καὶ
1191 2091 1441 2141 στρατεῦσαι
1454 2087 1519 2128 ὅτι
1532 2085 1715 2143 τάχιστα

208 2152 266 2202 εἰς
294 2154 370 2208 τὴν
401 2152 586 2196 Ἰταλίαν
624 2154 857 2210 προστάξαι
896 2154 970 2196 καὶ
1009 2154 1154 2211 λαβεῖν
1194 2153 1296 2209 παρ’
1325 2154 1462 2196 αὐτῶν
1502 2159 1577 2209 τῆς
1608 2153 1713 2196 ὁδοῦ

266 2234 287 2264 ε
321 2220 413 2264 ὀνα.

207 2219 265 2276 ἠγ
289 2234 319 2276 μ
339 2290 678 2347 Discrepantiae
706 2295 858 2335 autem
887 2293 974 2335 hae
1002 2297 1122 2336 sunt:
1158 2295 1360 2336 Primum
1390 2292 1570 2336 Coelius
1600 2294 1714 2336 nihil

62 2358 63 2361 ’
135 2381 139 2385 <
207 2359 343 2402 tradit
372 2359 430 2401 de
457 2361 624 2418 nimbo,
662 2363 771 2405 Dio:
811 2362 896 2404 καῖ’
925 2361 1026 2405 ἰδεῖν
1066 2367 1255 2419 χειμῶνα
1296 2362 1427 2417 μὲγαν
1463 2367 1713 2418 χωροῦντα;

207 2427 369 2471 deinde
397 2429 517 2482 apud
538 2428 738 2479 Coelium
764 2432 942 2474 beluam
972 2435 1145 2473 vastam
1176 2434 1220 2473 et
1249 2432 1490 2473 immanem
1521 2431 1711 2474 circum-

205 2496 418 2550 plicatam
446 2498 721 2550 serpentibus
751 2500 1008 2554 reperimus‚
1048 2499 1169 2554 apud
1201 2500 1383 2541 Dionem
1416 2500 1480 2550 (et
1508 2499 1710 2553 Livium)

206 2561 419 2620 δράκοντα
449 2562 675 2623 ἀμήχανον
705 2568 977 2624 (serpentem
1009 2568 1125 2609 mira
1155 2567 1492 2622 magnitudine).
1550 2567 1711 2623 Neque

205 2635 354 2676 tamen
382 2633 470 2675 Dio
499 2636 544 2677 et
563 2635 716 2679 Livius
745 2638 789 2680 in
819 2639 1004 2680 monstri
1036 2649 1089 2679 ac
1119 2637 1388 2691 tempestatis
1413 2637 1711 2693 descriptione
