1941 2999
0 102 2 105 .
0 0 37 84 {a}

53 106 56 108 .
32 78 34 82 ⁴
33 0 60 32 “l-1

178 211 180 213 Ι
225 233 305 274 est.
329 235 590 287 progressus
630 229 718 283 (10.
756 230 817 282 3).
853 232 1030 286 postero
1069 229 1144 272 die
1184 231 1478 285 transgressus
1523 198 1739 282 Anienem
1759 259 1766 279 7
1783 219 1785 222 ’
1812 222 1883 235 ”

219 300 268 342 in
297 299 457 349 aciemq
473 300 615 342 omnis
645 299 798 354 copias
827 299 985 341 eduxit
1014 298 1105 351 (11.
1137 297 1205 351 1);
1239 298 1387 340 imber
1417 302 1460 340 et
1490 301 1732 353 tempestas
1770 304 1772 306 ’
1814 304 1941 361 {⁴53³

223 366 296 410 bis
316 370 538 410 certamen
560 366 836 409 diremerunt
856 366 946 417 (11.
962 367 1023 421 2).
1043 369 1139 408 tum
1154 367 1294 425 tribus
1311 367 1456 408 causis
1476 366 1550 418 (cf.
1566 370 1587 418 §
1603 367 1737 422 3-6)
1807 364 1818 383 ²·
1875 371 1880 380 ⁷

224 440 369 479 motus
413 435 481 478 ad
525 435 752 477 Tutiam
809 435 1054 477 fluvium
1094 438 1287 478 castra
1335 435 1593 491 rettulit,
1634 447 1739 478 sex

227 504 393 546 milia
422 515 692 560 passuum
721 503 788 545 ab
819 504 968 545 urbe.
997 502 1104 545 inde
1131 502 1189 546 ad
1218 503 1371 545 lucum
1394 502 1613 545 Feroniae
1642 502 1739 558 per-'
1808 497 1811 499 ’
1857 512 1863 575 J

225 575 290 629 git
305 573 383 629 ire,
423 572 640 627 templum
681 584 736 614 ea
780 575 1044 633 tempestate
1083 573 1301 616 inclutum
1338 572 1506 615 divitiis
1551 574 1640 626 (11.
1678 573 1739 627 8).
1776 603 1780 605 -
1893 580 1900 596 ·'
1916 584 1939 612 *z

224 643 426 687 omnibus
456 641 581 685 donis
612 645 708 689 tum
739 642 977 696 spoliatum
1009 638 1227 698 templum
1257 643 1350 696 (11.
1378 643 1439 696 9).

361 712 522 766 Neque
563 711 716 754 Livius
756 715 973 753 memorat
1008 704 1305 754 Hannibalem
1344 713 1507 754 iterum
1548 712 1738 754 Romam

223 781 412 836 petiisse,
455 778 536 822 sed
581 779 683 835 (per
729 778 963 821 Samnium
993 778 1317 836 Apuliamque)
1362 783 1407 823 et
1445 780 1645 823 Lucanos
1689 779 1736 823 in

227 848 454 890 Bruttium
482 860 643 902 agrum
672 847 731 889 ad
760 848 925 890 fretum
954 860 1009 890 ac
1028 848 1224 902 Regium
1255 860 1308 890 eo
1339 861 1474 891 cursu
1503 849 1738 906 contendit,

226 919 276 958 ut
295 927 437 972 prope
456 916 686 971 repentino
708 915 901 959 adventu
921 916 1124 959 incautos
1147 916 1404 972 (Romanos,
1435 917 1512 972 qui
1525 915 1737 972 Capuam

227 984 513 1037 obsidebant)
541 986 809 1039 oppresserit
839 985 930 1037 (12.
960 985 1019 1037 2).
1048 1009 1105 1015 -
1145 985 1346 1028 Livius
1387 986 1570 1040 igitur
1600 986 1739 1027 Poe-

225 1066 353 1095 num
393 1054 451 1096 in
493 1054 714 1096 itinere
757 1054 827 1096 ab
871 1054 1015 1097 urbe
1053 1054 1208 1097 facto
1253 1054 1523 1110 templum
1564 1065 1737 1108 popu-

224 1123 442 1165 lantem
482 1122 640 1165 facit.
892 1127 895 1130 ’

362 1191 655 1248 Quamquam
684 1191 921 1247 scriptores
951 1192 1104 1246 nostri,
1134 1195 1182 1233 ut
1209 1191 1414 1247 vidimus,
1444 1195 1598 1245 aperte
1628 1204 1738 1247 pug·
1786 1243 1788 1245 ‚

228 1263 347 1315 nant,
377 1263 527 1302 tamen
557 1258 876 1315 Friedersdorff
901 1259 1080 1301 Livium
1111 1271 1170 1301 ex
1192 1258 1345 1301 Coelio
1374 1259 1488 1301 illud
1517 1259 1604 1303 iter
1634 1261 1740 1301 hau-

227 1330 337 1370 sisse
379 1327 491 1370 vult.
561 1327 605 1369 Is
649 1327 769 1369 enim
812 1327 860 1369 in
902 1339 1048 1382 progr.
1096 1328 1392 1381 Matienburg.
1442 1327 1556 1369 1874
1603 1342 1644 1383 p.
1683 1329 1737 1369 12

227 1397 377 1439 Titum
421 1396 508 1439 hoc
552 1396 650 1438 loco
695 1395 901 1439 Coelium
948 1408 1026 1439 suo
1072 1396 1260 1439 arbitrio
1311 1397 1558 1450 correxisse
1601 1400 1739 1451 putat.

228 1465 435 1508 Coelium
465 1464 646 1520 quidem
677 1465 920 1507 memoriae
951 1465 1198 1520 prodidisse
1218 1465 1517 1508 Hannibalem
1546 1466 1735 1508 Romam

227 1537 409 1577 euntem
438 1533 659 1588 templum
688 1534 924 1588 spoliasse3
955 1534 1135 1576 Livium
1155 1537 1321 1590 autem,
1350 1547 1452 1576 cum
1475 1533 1596 1588 apud
1627 1534 1738 1577 alios

225 1603 464 1656 scriptores
508 1593 687 1656 legisset
742 1603 941 1643 Poenum
985 1602 1132 1644 Roma
1184 1603 1537 1658 proficiscentem
1582 1603 1736 1644 fanum

226 1672 492 1727 populatum
533 1683 639 1727 esse,
678 1671 724 1713 in
765 1671 850 1713 hac
888 1684 938 1712 re
978 1672 1127 1725 plures
1156 1675 1359 1714 auctores
1397 1675 1598 1715 secutum
1640 1685 1736 1715 esse

226 1753 373 1797 neque
401 1744 554 1783 tamen
583 1741 881 1782 narrationem
921 1752 980 1781 ex
1012 1740 1101 1782 alio
1141 1741 1227 1782 nisi
1261 1753 1320 1783 ex
1351 1740 1503 1783 Coelio
1533 1742 1740 1784 hausisse.

227 1810 330 1866 Qua
362 1811 536 1852 ratione
570 1821 673 1851 cum
702 1812 862 1865 cetera,
902 1822 1018 1864 quae
1058 1809 1235 1852 Coelius
1265 1810 1320 1852 de
1350 1811 1510 1852 itinere
1550 1811 1739 1853 Romam

227 1881 345 1922 facto
384 1877 653 1933 tradidisset,
697 1878 795 1920 loco
839 1889 920 1920 suo
965 1881 1088 1920 mota
1127 1882 1281 1934 essent,
1325 1879 1504 1920 Livium
1548 1879 1595 1920 in
1639 1891 1740 1921 eam

226 1949 479 2003 opinionem
516 1947 779 1998 discessisse,
825 1950 873 1988 ut
918 1946 1096 1989 Coelius
1140 1949 1223 1989 iter
1266 1948 1313 1989 in
1354 1948 1512 1990 urbem
1549 1949 1739 1990 Romam

226 2019 393 2060 factum
424 2018 699 2070 permutaret
728 2015 886 2058 itinere
915 2015 973 2057 ab
988 2009 995 2051 Ῐ
1009 2016 1120 2058 urbe
1153 2016 1282 2072 facto,
1317 2017 1374 2059 ob
1410 2027 1601 2071 eamque
1636 2028 1740 2057 cau-

224 2099 322 2129 sam
362 2083 661 2127 Hannibalem
701 2084 848 2140 urbes,
887 2087 1067 2139 praeter
1108 2096 1220 2138 quas
1259 2083 1501 2126 secundum
1536 2083 1740 2126 Coelium

226 2156 374 2197 Roma
419 2153 643 2209 profectus
687 2155 812 2208 esset,
863 2153 910 2193 in
953 2153 1115 2194 itinere
1156 2153 1347 2194 Romam
1393 2153 1507 2194 facto
1552 2156 1742 2206 praeter-

225 2224 514 2280 gredientem,
563 2234 638 2264 eas
679 2224 842 2276 autem,
881 2225 1079 2278 praeter*
1102 2233 1213 2277 quas
1252 2221 1496 2264 secundum
1539 2222 1740 2265 Coelium

227 2295 419 2336 Romam
474 2291 685 2345 petiisset,
728 2291 774 2331 in
817 2291 978 2332 itinere
1021 2291 1079 2332 ab
1126 2291 1239 2332 urbe
1283 2292 1396 2332 facto
1441 2294 1740 2332 transeuntem

224 2362 393 2405 fecisse.
471 2358 602 2415 Quod
652 2371 711 2401 ex
759 2360 909 2402 verbis
953 2360 1049 2401 Liv.
1098 2360 1144 2401 in
1194 2371 1289 2413 cap.
1343 2359 1405 2401 11.
1449 2360 1476 2401 3
1522 2371 1741 2415 apparere

226 2431 390 2472 videri:
431 2430 519 2471 isse
564 2440 620 2470 ea
659 2431 838 2484 constat,
877 2431 1048 2470 tantum
1068 2427 1137 2469 *id
1180 2428 1375 2482 interest,
1418 2428 1648 2469 veneritne
1687 2439 1739 2469 eo

226 2500 388 2541 itinere
418 2498 477 2540 ad
507 2498 679 2553 urbem,
709 2510 766 2539 an
796 2497 853 2540 ab
885 2498 996 2540 urbe
1026 2497 1073 2538 in
1103 2495 1394 2550 Campaniam
1425 2495 1616 2538 redierit.

366 2566 454 2610 Sed
497 2566 613 2608 illud
658 2578 745 2608 non
790 2569 910 2609 recte
953 2565 1199 2608 iudicatum
1254 2577 1350 2608 esse
1393 2566 1502 2606 mihi
1546 2564 1739 2608 videtur.

223 2637 436 2691 Namque
464 2647 552 2679 non
581 2638 691 2692 erat,
721 2635 841 2690 quod
860 2636 1044 2678 Fulvius
1075 2635 1308 2678 celerrime
1343 2635 1429 2678 iter
1458 2634 1515 2677 ad
1546 2634 1738 2688 patriam

225 2705 548 2750 defendendam
578 2705 747 2748 faceret
775 2704 837 2757 (9.
856 2704 886 2746 4
907 2703 1030 2761 sqq.)‚
1061 2717 1164 2746 cum
1194 2703 1431 2759 Hannibal,
1450 2703 1499 2756 vsi
1524 2701 1740 2746 Frieders-
