1941 2999
186 213 453 271 sententiam
480 214 580 257 iure
609 213 658 258 Ο.
688 213 872 257 Gilbert:
911 213 998 265 Die
1027 213 1216 271 Eragm.
1242 226 1285 269 p.
1307 162 1423 256 457
1433 213 1479 257 ιιι
1507 184 1768 274 dubiun1“'‘'·*

186 285 321 325 vocat
350 286 395 325 et
432 270 708 336 Masinissam
737 282 864 324 illum
900 281 1034 325 fuisse
1064 285 1223 332 censet.
1280 273 1463 338 Quodsi
1481 282 1604 328 recte
1629 280 1696 344 ιιι-

185 349 386 395 dicatum
426 355 503 409 est,
543 352 657 399 fieri.
678 363 766 394 non
805 352 963 413 potuit,
1002 355 1053 393 ut
1091 351 1252 394 Livius
1286 348 1418 401 illum
1458 351 1627 398 locum
1636 364 1695 407 ex
1754 352 1758 362 ¹

188 418 344 463 Coelio
388 418 588 464 hauriret
620 422 797 477 propter
831 421 991 463 verba:
1036 424 1079 462 et
1116 421 1262 477 vivus,
1305 421 1520 462 laetum
1566 417 1695 479 ante
1766 424 1768 427 ’
1810 465 1822 481 λ,

188 490 367 531 omnis
397 488 736 532 Masinissae
765 489 1143 546 praebiturus
1173 482 1597 546 spectaculum,
1636 489 1721 541 ad,
1795 484 1852 539 ζ

187 559 389 601 Laelium
419 559 707 613 pertrahitur.
764 558 972 613 Namque
1001 557 1169 615 Livius,
1207 559 1244 601 si
1273 557 1478 600 Coelium
1516 555 1695 612 secutus
1733 587 1749 593 --
1779 571 1786 578 ”

129 680 132 684 .
188 631 312 679 esset,
342 629 464 670 certe
483 626 757 669 Masinissam
783 627 931 680 ipsum
963 627 1132 682 cepisse
1152 627 1400 683 Syphacem
1432 627 1695 682 gloriantem
1771 670 1781 678 ⁷.
1826 630 1831 637 “
1864 656 1872 668 ι
1897 644 1905 655 ·

188 695 373 738 fecisset.

1525 750 1564 780 s

323 822 554 889 Deinceps,
584 835 634 874 ut
664 835 761 874 erat
802 823 1099 888 propositum*
1128 813 1303 876 dicatur
1332 834 1389 877 de
1427 835 1500 877 iis
1537 835 1627 879 fra
1640 847 1694 888 g.
1719 851 1723 855 Α
1785 848 1788 851 ’
1816 832 1819 835 ’
1857 845 1866 851 ·’

186 902 416 958 mentis,
460 914 605 957 quae
651 914 751 943 cum
791 902 1045 944 narratione
1084 901 1178 946 Liv.
1218 903 1494 946 consentiunt
1532 904 1606 946 vel
1644 907 1695 945 ut

184 971 349 1013 rectius
394 970 592 1013 dicamus
640 983 743 1013 non
792 972 997 1026 aperte
1045 975 1301 1026 pugnant
1348 985 1470 1015 cum
1515 973 1692 1014 Livio.

186 1039 298 1081 Sunt
336 1041 490 1081 autem
528 1040 707 1088 omnino
746 1051 826 1081 sex
865 1039 952 1095 (22,
981 1041 1050 1095 25,
1079 1040 1146 1095 26,
1175 1041 1244 1094 41,
1272 1041 1342 1097 45,
1372 1040 1461 1096 55),
1499 1036 1692 1096 ¹quorum

185 1108 242 1150 de
270 1119 360 1150 uno
389 1107 487 1161 (41)
527 1108 618 1150 iam
649 1121 787 1164 supra
825 1109 907 1151 sub
945 1110 996 1150 fr.
1023 1109 1084 1151 40
1112 1121 1190 1152 nos
1220 1113 1338 1152 recte
1367 1110 1585 1152 iudicasse
1614 1122 1693 1164 pu·

185 1180 346 1219 tamus.

323 1247 537 1301 Fragm.
578 1248 655 1289 22.
712 1247 912 1290 Priscian
940 1248 1007 1290 ΙΙΙ
1045 1261 1084 1302 p.
1114 1248 1197 1290 607
1239 1249 1286 1291 P.
1315 1248 1372 1291 98
1404 1249 1454 1290 H.
1511 1247 1690 1291 Coelius

182 1316 230 1357 in
273 1315 420 1371 primo
464 1316 776 1358 historiarum:
830 1317 1066 1359 Dextimos
1103 1318 1150 1358 in
1195 1316 1360 1360 dextris
1403 1308 1528 1360 scuta
1570 1317 1694 1360 iubet

184 1383 367 1426 habere.
397 1408 452 1415 —
487 1382 620 1438 Quae
648 1385 787 1427 verba
817 1398 844 1427 a
875 1385 917 1427 C.
950 1385 1078 1428 Peter
1108 1399 1147 1439 p.
1178 1386 1235 1427 80
1267 1386 1458 1440 aliisque
1497 1386 1708 1442 referun-¹

185 1455 258 1494 tur
288 1451 348 1493 ad
377 1453 556 1494 Livium
590 1452 737 1508 XXII,
766 1453 833 1494 50.
863 1454 902 1509 4,
942 1455 1020 1509 qui
1060 1457 1157 1510 post
1194 1466 1388 1508 pugnam
1418 1453 1691 1497 Cannensem

185 1520 410 1563 Romanos
440 1520 612 1563 medios
642 1533 726 1576 per
756 1522 903 1563 hostes
932 1521 1146 1564 vadentes
1178 1534 1237 1563 ex
1267 1523 1426 1568 castris.
1449 1522 1717 1573 minoribus'

186 1589 246 1632 ad
266 1589 379 1633 alios
398 1590 446 1631 in
465 1590 638 1632 maiora
657 1590 825 1644 fugisse
845 1590 1003 1633 tradit:
1035 1594 1092 1645 et,
1123 1603 1224 1632 cum
1250 1592 1294 1632 in
1324 1590 1443 1632 latus
1472 1590 1692 1647 dextrum,

185 1658 307 1713 quod
335 1659 529 1713 patebat,
569 1658 795 1700 Numidae
823 1659 1141 1715 iacularentur,¹
1164 1659 1477 1701 translatis
1506 1659 1553 1700 in
1582 1658 1690 1700 dex-

184 1732 301 1770 trum
322 1729 456 1770 scutis
475 1727 523 1769 in
545 1727 720 1770 maiora
740 1730 887 1769 castra
907 1728 964 1769 ad
985 1731 1212 1770 sexcentos
1232 1731 1469 1771 evaserunt
1493 1727 1582 1780 (50.
1603 1728 1693 1780 12).

183 1796 432 1850 Scriptores
460 1800 632 1838 nostros
662 1797 827 1838 similia
856 1797 1024 1838 referre
1054 1798 1151 1852 quis
1187 1800 1252 1838 est
1281 1798 1360 1851 qui
1389 1798 1553 1851 neget?

322 1866 643 1910 Verumtamen
689 1865 867 1909 Coelius
920 1878 1014 1908 rem
1070 1865 1211 1908 multo
1266 1867 1513 1908 accuratius
1558 1878 1693 1921 quam

183 1935 336 1977 Livius
365 1934 587 1977 describit.
645 1934 760 1977 Nam
804 1947 863 1976 ex
892 1935 1120 1978 Prisciano
1149 1935 1247 1991 ipso
1287 1938 1474 1991 apparet
1501 1935 1692 1978 formam

130 2039 143 2042 Α
182 2002 449 2060 „dextimos“
477 2004 702 2046 notionem
732 2004 1001 2059 superlativi
1030 2016 1245 2059 servasse,
1275 2004 1356 2046 etsi
1385 2004 1492 2046 illae
1520 2004 1691 2047 formae

183 2085 318 2128 saepe
358 2072 417 2115 ad
460 2073 642 2128 positivi
683 2073 1060 2128 significationem,
1106 2078 1152 2115 ut
1193 2072 1356 2129 Sieqlin
1395 2086 1434 2127 p.
1475 2072 1528 2114 18
1570 2076 1692 2115 recte

183 2142 304 2198 dicit,
342 2154 482 2197 prope
522 2142 744 2183 accedant.
813 2141 1066 2183 Secundum
1107 2140 1307 2183 Coelium
1352 2142 1490 2195 igitur
1527 2142 1571 2196 ii,
1613 2141 1693 2195 qui

184 2209 371 2252 dextimi
390 2209 522 2264 positi
541 2213 656 2265 sunt,
675 2213 799 2252 scuta
813 2210 860 2251 in
880 2209 1044 2252 dextra
1063 2210 1239 2266 habent,
1258 2209 1500 2252 secundum
1516 2209 1693 2252 Livium

182 2291 335 2321 omnes
364 2280 493 2321 scuta
521 2279 568 2320 in
588 2278 797 2321 dextrum
824 2279 1101 2321 transferunt.
1159 2279 1387 2321 Habemus
1415 2279 1554 2333 igitur
1573 2279 1692 2320 simi-

180 2346 429 2403 litudinem,
458 2357 547 2390 non
576 2347 760 2402 plenum
789 2348 1018 2403 utriusque
1046 2348 1193 2390 famae
1223 2358 1492 2393 consensum.
1535 2347 1691 2409 Verbis

181 2411 379 2459 L'ivianis
410 2416 498 2471 (50.
520 2416 594 2471 12)
625 2416 736 2458 haec
756 2416 960 2471 proxime
991 2416 1280 2459 antecedunt:
1309 2415 1433 2458 Haec
1462 2416 1542 2459 ubi
1571 2416 1691 2460 dicta

183 2484 319 2543 dedit,
333 2485 506 2540 stringit
520 2484 719 2540 gladium
736 2497 967 2542 cuneoque
981 2485 1098 2528 facto
1118 2497 1199 2540 per
1213 2484 1382 2527 medios
1397 2484 1525 2527 vadit
1541 2485 1691 2527 hostis.

319 2555 406 2596 Illa
446 2555 587 2596 verba
626 2559 783 2608 poetae
823 2550 975 2608 (Enni)
1016 2568 1169 2597 versus
1209 2567 1304 2597 esse
1343 2567 1424 2608 per
1463 2566 1510 2596 se
1544 2555 1689 2609 ipsum

181 2624 333 2678 liquet.
392 2623 480 2666 Sed
519 2623 698 2665 Livium
739 2635 792 2664 ex
822 2622 989 2680 Coelio,
1028 2623 1107 2678 qui
1146 2621 1392 2665 secundum
1424 2622 1689 2664 Frontonem

179 2693 303 2747 epist.
331 2706 372 2748 p.
401 2693 456 2733 62
497 2692 611 2734 Nab.
642 2695 777 2747 poeta
815 2692 893 2734 illo
934 2705 1039 2757 usus
1079 2694 1147 2748 sit,
1189 2692 1269 2734 hos
1299 2703 1452 2734 versus
1490 2690 1690 2733 hausisse
1767 2720 1771 2724 -
1822 2698 1825 2702 ’
