1941 2999
151 2409 153 2412 ⁴
229 2399 390 2454 verbis,
419 2409 538 2453 quae
557 2396 700 2439 coelii
728 2397 969 2438 narrationi
999 2396 1186 2452 addidit,
1215 2397 1322 2439 satis
1352 2397 1555 2450 apparet:
1587 2393 1763 2456 malim(
1803 2394 1806 2395 ’

230 166 287 235 et
297 186 512 236 occasum
533 170 654 240 solis
669 176 906 243 spectante
934 190 989 245 in
992 188 1197 239 ltaliam
1216 182 1523 235 descenderet

230 253 356 310 Alpis
386 254 537 300 Cottia
574 257 649 300 ab
675 250 911 301 occidente
926 258 993 304 in
1020 246 1218 303 Italiam
1228 246 1426 309 deducit.
1481 243 1641 316 Itaq'ii‘e

229 325 351 368 timo
377 325 479 369 iure
516 324 648 381 nobis
673 315 973 382 statuendum
999 330 1068 371 est
1097 316 1311 382 Coelium
1328 327 1477 384 neque
1504 330 1550 374 in
1568 328 1727 382 flanni

230 392 347 436 balis
375 382 549 438 itinere
568 396 636 439 ab'
666 396 816 443 Insula
857 406 998 452 usque
1027 388 1099 439 ad
1137 396 1315 440 Italiam
1345 397 1578 455 descripto
1596 391 1754 479 'neque

230 462 277 504 in
306 456 455 517 priore
486 465 643 521 capitis
672 464 729 507 39
749 469 885 520 parte
913 465 1027 508 Livii
1059 464 1240 509 fontem
1255 466 1403 511 fuisse.

367 531 440 576 Ad
461 536 714 577 extremum
733 534 1109 589 commemorabo
1121 523 1392 592 We'tfflinum
1416 537 1462 585 et
1482 534 1591 577 aliis
1609 534 1777 581 rebus

230 604 274 643 et
305 601 534 646 Ammiani
561 602 660 659 XV,
690 602 759 658 10,
789 604 857 645 10
874 615 968 658 sqq.
1007 603 1285 646 narratione
1302 604 1456 646 nixum
1498 591 1787 665 affirmasse(
1828 657 1830 660 y
1858 654 1868 666 θ

231 669 406 714 Livium
437 671 485 714 in
514 671 794 715 Hannibalis
808 684 886 727 per
905 670 1040 731 Alpes
1061 672 1229 720 itinere
1256 672 1478 730 descripto
1508 685 1565 719 ex
1587 670 1743 718 Caelio
1784 682 1788 684 ·

230 739 446 782 hausisse.
513 735 632 782 Nam
653 767 655 769 -
676 741 904 783 Ammiani
943 741 1105 798 verba,
1137 744 1189 782 ut
1229 741 1294 783 ait
1336 741 1426 796 ille,
1469 754 1573 784 cum
1612 741 1775 793 Livia„
1816 771 1848 792 a,
1871 742 1941 803 ᾖς’-ζ

230 820 410 863 prorsus
455 810 752 866 consentiunt,
796 809 921 852 illam
970 810 1192 857 Ammiani
1236 812 1390 853 autem
1434 810 1600 853 famam
1648 821 1749 859 esse
1792 824 1796 825 ⁷
1851 812 1941 863 ἡ

230 879 529 933 fragmentum
572 879 790 933 epitomes
829 891 857 920 a
895 879 953 920 M.
993 879 1130 921 Bruto
1169 879 1313 921 factae
1357 889 1413 922 ex
1452 878 1606 922 Coelio
1645 879 1801 920 veri
1846 894 1848 899 ²

229 947 376 991 simile
396 951 474 990 est.
532 946 620 990 Sed
642 960 711 990 res
731 948 862 990 aliter
882 960 929 990 se
950 948 1098 991 habet.
1126 947 1333 1004 Namque
1358 946 1404 991 V.
1420 943 1742 991 Gardthausen:
1809 969 1813 973 -

230 1017 340 1059 uber
384 1016 459 1058 die
503 1016 886 1072 geographischen
925 1016 1115 1072 Quellen
1146 1016 1224 1059 des
1261 1017 1493 1060 Ammian.>
1522 1017 1675 1061 Jahrb.
1717 1016 1743 1058 f.
1787 1056 1805 1058 ,,
1828 1059 1831 1063 Α
1856 1023 1859 1028 ’
1886 1006 1889 1009 ’
1913 1006 1930 1014 ”

230 1085 353 1128 class.
383 1084 496 1128 Phil.
516 1084 592 1128 VI.
618 1085 660 1127 S.
678 1085 756 1127 Bd.
786 1084 1108 1128 demonstravit
1136 1089 1181 1128 et
1202 1086 1490 1130 Ammianum
1521 1083 1743 1134 Coelium-
1797 1086 1801 1089 ’
1842 1090 1847 1093 ’

229 1167 317 1209 que
356 1157 513 1209 aperte
552 1167 754 1209 pugnare
795 1158 838 1195 et
876 1155 1003 1196 illum
1050 1156 1380 1208 (Ammianum)
1424 1155 1595 1204 librum
1640 1167 1742 1209 geo-

230 1223 496 1278 graphicum
527 1235 586 1267 ex
614 1222 779 1266 Livio
809 1223 1000 1279 aliisque
1028 1236 1182 1266 rerum
1207 1224 1496 1280 scriptoribus
1527 1223 1743 1278 composi·

231 1296 327 1334 tum
358 1291 616 1335 adhibuisse
646 1292 824 1335 fontem.

370 1361 703 1416 Fragm.17.
761 1361 967 1404 Exeunte
1006 1373 1100 1415 cap.
1137 1362 1198 1404 46
1238 1361 1263 1403 l.
1292 1361 1407 1405 XXI
1446 1360 1625 1404 Coelius
1654 1371 1742 1402 ser-

230 1431 328 1473 vati
358 1431 552 1473 consulis
581 1431 649 1483 (in
669 1442 822 1486 pugna
840 1430 1086 1484 Ticinensi)
1115 1431 1252 1474 decus
1274 1431 1333 1473 ad
1356 1443 1536 1474 servum
1565 1430 1743 1472 natione

231 1498 449 1555 Ligurem
468 1498 657 1555 delegat.
715 1499 802 1543 Oui
821 1504 1040 1556 repugnat
1059 1500 1256 1543 narratio
1277 1500 1485 1543 Liviana:
1514 1498 1628 1542 Cum
1647 1499 1740 1541 iam

230 1582 395 1625 magna
425 1581 485 1612 ex
513 1572 644 1625 parte
673 1569 731 1611 ad
762 1568 899 1625 pedes
928 1582 1080 1626 pugna
1108 1570 1299 1612 venisset
1329 1569 1418 1622 (46.
1438 1570 1486 1622 6)
1518 1572 1562 1611 et
1586 1568 1741 1612 Numi-

231 1640 330 1694 dae,
371 1639 450 1695 qui
487 1638 535 1680 in
575 1638 784 1682 cornibus
817 1642 966 1694 erant,
1003 1639 1286 1681 circumvecti
1315 1639 1500 1693 paulum
1531 1638 1598 1684 ab*
1619 1642 1742 1692 tergo

229 1720 277 1752 se
306 1707 610 1763 ostendissent,
648 1707 687 1749 is
726 1719 867 1763 pavor
908 1709 1094 1762 perculit
1133 1708 1370 1763 Romanos,
1409 1699 1626 1761 auxitque
1665 1718 1741 1761 pa-

230 1780 385 1820 vorem
417 1775 664 1819 consulis
695 1776 904 1818 vulnus
933 1775 1379 1831 periculumque
1407 1776 1740 1833 intercursu

231 1850 346 1889 tum
379 1845 624 1900 primum
653 1845 1028 1898 pubescentis
1068 1846 1192 1887 filii
1226 1845 1640 1900 propulsatum.
1664 1843 1739 1897 (7)

229 1914 404 1958 Deinde
442 1913 646 1961 laudatio
675 1914 757 1955 filii
797 1914 865 1956 his
896 1915 1043 1958 verbis
1071 1907 1291 1973 sequitur:
1332 1914 1417 1956 Hic
1440 1913 1524 1956 erit
1553 1913 1740 1967 iuvenis,

228 1997 363 2040 penes
393 1995 526 2040 quem
557 1983 742 2039 perfecti
773 1983 956 2025 huiusce
985 1983 1095 2026 belli
1135 1974 1234 2025 laus
1275 1986 1360 2039 est,
1408 1982 1643 2024 Africanus
1683 1981 1740 2023 ob
1812 1988 1824 1995 ‘

228 2053 459 2108 egregiam
499 2052 734 2094 victoriam
785 2051 843 2093 de
892 2052 1144 2095 Hannibale
1188 2053 1435 2106 Poenisque
1479 2050 1740 2106 appellatus.

228 2123 460 2164 Postremo
509 2120 738 2175 equitatus
782 2111 1004 2162 consulem
1048 2122 1092 2162 in
1136 2120 1337 2162 medium
1381 2121 1612 2173 acceptum
1657 2130 1742 2160 non
1817 2144 1820 2146 v

230 2191 367 2233 armis
397 2189 532 2233 modo
561 2188 806 2232 sedetiam
836 2190 1098 2245 corporibus
1129 2190 1217 2230 suis
1257 2191 1489 2244 protegens
1519 2187 1565 2229 in
1596 2189 1743 2229 castra
1831 2230 1853 2247 -,

228 2261 419 2303 reduxit.
477 2259 708 2314 Nusquam
738 2259 856 2300 servi
885 2259 1103 2312 Ligustini
1131 2259 1297 2300 mentio
1325 2259 1385 2299 fit.
1443 2257 1597 2316 Atque.
1613 2256 1743 2299 Livio
1807 2263 1831 2278 ·’
1852 2267 1941 2308 «ὣς,

228 2329 492 2372 sententiam
523 2327 786 2371 Coelianam
814 2328 959 2369 minus
999 2327 1234 2389 probatam
1267 2335 1362 2369 esse·
1392 2338 1450 2368 ex
1478 2326 1533 2368 iis
1563 2320 1742 2381 quoque
1784 2378 1787 2379 ⁷

227 2466 440 2522 equidem
470 2465 528 2508 de
556 2465 650 2508 filio
669 2478 828 2508 verum
850 2477 955 2521 esse,
985 2464 1102 2520 quod
1129 2468 1174 2507 et
1204 2464 1354 2519 plures
1385 2462 1611 2505 tradidere
1641 2459 1742 2504 auci
1847 2518 1850 2520 v

230 2540 361 2590 tores,
400 2538 444 2578 et
484 2536 604 2577 fama
646 2535 847 2577 obtinuit.
915 2533 1017 2588 Quo
1057 2547 1115 2576 ex
1152 2534 1252 2591 loco
1293 2532 1490 2576 Buttcher
1533 2533 1594 2586 (p.
1634 2530 1743 2589 397)
1799 2542 1801 2544 ·
1835 2547 1846 2551 ’«
1863 2528 1941 2595 42³²?

229 2603 582 2648 concludendum
607 2615 699 2645 esse
721 2605 868 2645 censet
883 2603 1060 2644 Livium
1076 2603 1277 2660 omnium
1296 2614 1448 2644 rerum
1468 2601 1744 2655 scriptorum,
1763 2609 1766 2611 “
1830 2616 1834 2621 ’

227 2677 305 2731 qui
335 2675 391 2717 de
425 2675 509 2716 hac
528 2686 578 2716 re
603 2672 846 2716 memoriae
878 2671 1181 2728 prodiderunt,
1210 2671 1412 2715 Coelium
1444 2669 1743 2715 certissimum.
1805 2679 1807 2681 ·
1878 2667 1941 2728 ’ξιξ

1919 2809 1941 2851 ¹3
