1941 2999
236 152 331 200 Hic
348 153 470 212 *brea
509 146 581 196 11ίῖ
596 154 661 196 ὃὶίῖ
701 152 758 195 Η-
797 151 926 196 Peter
966 117 1153 211 p.150,
1195 151 1283 194 fuit
1306 129 1523 202 milium
1520 160 1762 210 passuum
1765 129 1881 206 W35«

236 233 450 265 numerus
469 209 654 278 itineris,
683 218 802 277 quod
824 219 1012 263 confecit
1036 218 1260 263 Hannibal
1289 231 1318 262 a
1326 218 1615 277 Cartbagine
1632 217 1794 278 nov‘af.
1794 218 1888 269 i
1881 249 1941 294 §v

239 303 382 346 usque
409 289 468 346 ad
498 290 610 333 Padi
640 301 831 344 campos.
860 289 1079 332 Minorem
1112 298 1347 331 numerum
1371 289 1507 345 affert
1532 280 1776 353 Polybiugf

237 358 319 416 111,
337 358 507 403 39.11:
536 356 637 404 ὥστ’
665 356 771 406 εἶναι
789 357 889 409 τοὺς
909 352 1072 409 πάντας
1091 355 1144 401 ἐκ
1162 354 1324 414 Καινῆς
1354 355 1522 408 πόλεως
1551 355 1752 411 σταδίους
1802 316 1941 417 {jg'fff'

237 429 335 485 περὶ
349 419 662 486 ἐνακισχιλίους
674 428 727 482 (i.
747 439 785 470 e.
804 427 951 471 decies
971 430 1155 470 centena
1175 430 1355 470 centum
1374 427 1541 507 viginti
1550 424 1747 483 quinque
1802 436 1805 439 ‚
1827 438 1833 476 ι,
1898 420 1941 479 '31'ss

238 498 367 544 milia
395 499 628 573 passuum)
659 495 732 547 οὓς
759 494 847 539 ἔδει
875 493 1063 540 διελθεῖν
1093 495 1237 540 αὐτόν.

374 570 482 611 Fra
491 581 588 623 gm
627 568 713 610 16:
753 568 1016 621 (Macrobii)
1042 558 1251 621 Excerpt.
1282 568 1390 610 Bob.
1424 568 1481 609 de
1509 568 1649 610 verbo
1669 526 1760 622 ap.
1868 578 1941 636 52³⁴,

240 636 439 694 Eichenfi
468 641 514 680 et
542 636 671 681 Endl.
700 637 745 678 in
774 635 919 678 annal.
947 650 989 692 p.
1019 635 1117 692 173,
1146 635 1187 680 V
1216 649 1256 690 p.
1291 636 1376 678 651
1406 635 1459 679 Κ.
1494 635 1672 680 Coelius
1698 636 1761 678 in·

237 706 401 760 primo:
422 705 541 762 „Illis
560 705 736 748 facilius
751 708 817 747 est
831 704 1001 747 bellum
1017 702 1237 748 tractare“
1238 736 1249 756 ‚
1269 705 1355 747 hoc
1375 708 1440 747 est
1459 705 1538 751 diu
1557 704 1749 749 trahere·

375 772 505 829 Quod
525 775 576 817 fr.
597 774 757 817 melius
786 772 976 829 quadrat
1004 772 1064 815 ad
1093 773 1341 824 orationem
1373 771 1747 829 Carthaginiensis

237 842 470 897 cuiusdam
510 843 567 885 de
610 843 914 885 Romanorum
960 842 1118 898 opibus
1157 845 1199 884 et
1238 843 1402 903 virtute
1439 846 1541 884 ante
1582 842 1763 885 bellum,
1809 827 1836 861 ss
1868 857 1871 860 ·
1909 817 1941 897 ’ἐξ

237 900 349 955 Pun.
377 912 425 955 H
464 913 724 967 exponentis
766 912 976 968 habitam,
1015 922 1154 966 quam
1194 910 1253 954 ad
1292 910 1387 953 Liv.
1429 911 1568 955 verba
1607 910 1749 968 (XXI,

237 980 307 1023 44.
348 982 419 1034 s):
457 981 548 1024 inis
588 980 758 1022 timidis
799 985 841 1022 et
878 980 1053 1035 ignavis
1096 991 1190 1022 esse
1227 980 1346 1036 iicet,
1384 981 1460 1034 qui
1498 970 1749 1034 respectum

236 1048 415 1105 habent,
444 1055 556 1104 quos
584 1061 667 1091 sua
697 1051 829 1106 terra,
858 1061 963 1091 suus
984 1038 1093 1104 ager
1112 1060 1194 1104 per
1214 1051 1309 1091 tuta
1326 1060 1381 1092 ac
1399 1051 1561 1105 pacata
1584 1048 1746 1095 itinera

235 1118 458 1171 fugientes
497 1117 730 1170 accipient.
771 1117 842 1167 (cf.
881 1116 940 1159 H.
969 1117 1099 1159 Peter
1139 1129 1180 1170 p.
1219 1117 1338 1169 151).
1397 1117 1512 1159 Nam
1551 1119 1749 1172 praeter·

239 1197 377 1242 quam
415 1184 537 1241 quod
566 1185 708 1229 verba
737 1183 952 1228 Coeliana
990 1185 1153 1228 frustra
1191 1184 1314 1241 apud
1341 1185 1522 1228 Livium
1551 1197 1750 1242 quaer-ee,

237 1255 474 1310 Hannibal,
504 1257 553 1296 ut
580 1254 776 1296 militum
807 1247 1110 1296 fortitudinem
1139 1248 1376 1310 accendat,
1398 1254 1619 1297 diversam
1650 1265 1749 1299 oon-

234 1323 448 1366 ditionem
466 1334 651 1365 suorum
669 1323 862 1366 militum
883 1326 929 1365 et
947 1323 1256 1365 Romanorum
1277 1326 1378 1365 ante
1397 1322 1550 1366 oculos
1567 1311 1748 1366 illorum

233 1393 370 1448 ponit,
409 1405 513 1434 cum
553 1391 682 1434 dicit:
725 1392 816 1433 illis
855 1390 1105 1446 (Romanis)
1149 1390 1317 1434 timidis
1356 1395 1400 1433 et
1441 1392 1636 1447 ignavis*
1654 1403 1773 1449 essex
1887 1448 1889 1450 ι

235 1461 354 1518 licet,
384 1460 494 1517 quia
531 1460 643 1503 victi
681 1460 837 1516 fugere
876 1463 1068 1517 possunt,
1106 1461 1228 1504 vobis
1263 1472 1444 1504 necesse
1473 1465 1537 1504 est
1565 1460 1747 1504 fortibus
1814 1492 1816 1495 ·
1897 1457 1902 1460 ’

239 1530 347 1572 viris
386 1542 495 1586 esse,
535 1529 654 1585 quod
694 1530 740 1571 in
776 1530 968 1572 hostium
1010 1532 1131 1572 terra
1167 1530 1367 1585 fugiendi
1405 1531 1591 1572 facultas
1623 1530 1748 1573 vobis

235 1598 376 1656 pulsis
405 1598 513 1642 data
540 1609 626 1641 non
656 1602 733 1642 est.
792 1596 982 1642 Omnino
1008 1601 1159 1641 autem
1181 1599 1321 1642 verba
1342 1597 1469 1642 Coel:
1503 1599 1746 1656 „bellum

236 1667 523 1711 tractare“
552 1667 613 1710 ad
633 1668 750 1710 hunc
770 1669 919 1710 locum
939 1668 1178 1710 Livianum
1197 1668 1319 1710 nullo
1349 1667 1483 1711 modo
1514 1668 1748 1723 quadrant.

369 1737 584 1792 Fragm.
614 1733 701 1779 23:
728 1734 830 1779 Non
859 1749 890 1779 s.
919 1750 961 1778 v.
991 1736 1247 1792 singulatim
1280 1751 1322 1793 p.
1353 1737 1437 1779 176
1468 1736 1644 1782 Coelius
1672 1751 1746 1781 an·

234 1806 324 1849 nali
346 1806 424 1848 lib.
443 1805 488 1848 1:
515 1806 715 1848 Primum
736 1806 857 1848 malo
878 1805 1059 1859 publico
1079 1805 1249 1859 gratias
1268 1806 1530 1861 singulatim
1555 1808 1746 1852 nomina.

372 1873 504 1931 Quae
543 1875 683 1918 verba
721 1876 802 1916 etsi
841 1877 1051 1929 corrupta
1092 1886 1188 1917 esse
1227 1875 1446 1932 videntur,
1485 1879 1636 1919 tamen
1664 1877 1749 1920 for-

234 1948 350 1986 tasse
381 1943 440 1985 ad
475 1944 655 1999 gratias,
694 1955 812 1998 quae
851 1943 1076 1986 nobilibus
1117 1943 1237 1996 viris,
1279 1945 1360 2000 qui
1399 1956 1458 1987 ex
1496 1957 1649 2001 pugna
1687 1946 1748 1989 ad

192 2040 201 2054 2
235 2011 411 2057 Cannas
439 2012 561 2056 facta
600 2011 740 2065 (malo
779 2013 982 2068 publico)
1023 2016 1268 2070 evaserant,
1307 2014 1527 2071 imprimis
1558 2016 1748 2061 Varroni

233 2081 407 2123 consuli
435 2081 641 2125 redeunti
671 2083 800 2123 actae
837 2077 952 2138 sunt,
991 2082 1110 2136 quod
1151 2081 1208 2123 de
1245 2074 1295 2124 re
1335 2082 1534 2138 publica*
1557 2095 1643 2126 non
1674 2083 1746 2126 de-

231 2153 454 2206 sperasset
484 2150 602 2202 (Liv.
631 2150 780 2205 XXII,
808 2150 1183 2205 61.15),referri
1213 2155 1404 2205 possunt.
1434 2153 1525 2203 (cf.-
1536 2152 1592 2195 H.
1619 2152 1746 2200 Peter

231 2232 272 2274 p.
302 2219 400 2276 154,
430 2217 480 2262 O
512 2217 697 2262 Gilbert:
726 2218 812 2261 Die
842 2218 1018 2274 Fragm.
1047 2231 1086 2274 p.
1117 2219 1237 2274 368).

368 2288 584 2343 Fragm.
624 2287 710 2330 24·
765 2286 935 2331 Charis.
974 2289 1020 2331 II
1057 2302 1098 2343 p.
1139 2289 1222 2331 193
1263 2291 1310 2332 P.
1350 2289 1462 2331 217
1477 2291 1527 2332 Κ
1567 2289 1744 2334 Coelius

234 2356 524 2399 historiarum
552 2356 596 2399 I:
631 2355 953 2411 „Commodum
983 2360 1058 2414 est,
1088 2357 1194 2400 satis
1225 2356 1446 2401 videtur“.
1503 2358 1598 2402 Nec
1628 2359 1745 2402 enim

233 2437 316 2481 pro
347 2425 584 2468 sufficienti
622 2425 770 2480 inquit
808 2426 973 2468 Paulus
1003 2427 1145 2481 accipi
1175 2426 1321 2529 debet,
1350 2427 1428 2469 sed
1462 2439 1542 2481 pro
1572 2429 1672 2484 pari
1702 2432 1745 2471 et

234 2506 392 2551 aequo.

372 2565 422 2610 0.
453 2566 640 2609 Gilbert:
670 2566 758 2609 Die
777 2567 954 2621 Fragm.
983 2580 1023 2622 p.
1043 2568 1129 2610 405
1160 2570 1281 2610 recte
1310 2564 1628 2624 interpretatus
1659 2571 1745 2611 est·

235 2635 291 2677 Et
320 2635 433 2677 utile
463 2638 508 2679 et
536 2647 735 2691 aequum
767 2639 832 2678 est
861 2635 1091 2690 (videtur).
