1941 2999
211 225 350 280 igitur
379 225 426 268 in
456 225 544 268 hac
572 223 742 282 prima
758 223 941 284 famam
959 220 1138 267 secutus
1168 222 1245 267 est.
1303 215 1539 279 Quomodo
1559 221 1794 292 autexjgsfff
1918 264 1925 270 ,

211 292 335 339 fama
363 293 615 341 narraverit
643 292 843 336 Marcelli
885 294 1086 349 mortem,
1123 303 1211 336 non
1251 292 1448 345 difficile
1475 292 1615 351 dictu
1623 296 1737 354 esse
1739 283 1805 324 ’ἒ
1874 281 1934 341 ³⁵³1*

210 363 416 406 arbitror.
487 362 696 416 Namque
738 361 842 404 1000
887 360 1053 404 clarius
1097 366 1163 404 est
1201 361 1504 424 Marcellum,
1522 354 1724 418 gladium
1765 412 1801 423 ὼ

209 430 344 477 illum
373 431 529 488 populi
565 430 769 492 Romani,
809 430 888 486 qui
923 442 1005 487 per
1034 430 1288 495 complures
1317 431 1452 491 annos
1480 430 1776 487 impmum

209 500 453 558 obtinebat,
482 500 561 555 qui
581 500 827 553 Syracusas
855 498 1015 542 urbem
1047 488 1393 560 expugnaverat,
1420 488 1621 555 denique
1636 498 1745 548 {ms-f

210 572 475 633 peratorem,
512 569 560 611 in
588 575 686 624 quo
708 568 902 619 Romani
934 581 1172 612 summam
1187 564 1487 623 collocabant
1497 566 1742 624 fiduciam,
1808 625 1811 627 ,
1868 624 1873 628 ⁷
1911 603 1925 622 Ἰ..

211 639 332 680 fama
362 637 491 694 quasi
517 638 565 679 in
595 636 774 680 coelum
803 630 990 680 elatum
1002 648 1110 680 esse.
1160 637 1225 681 Et
1263 640 1384 681 certe
1410 636 1572 689 eadem
1601 628 1732 694 famas
1760 665 1764 670 ·

161 744 165 747 .
209 707 347 749 huius
378 709 473 748 tam
502 706 659 761 magni
682 708 875 762 tamque
880 705 1117 762 praeclari
1136 705 1263 749 ducis
1293 709 1486 749 mortem
1513 686 1719 763 omnibus,
1756 713 1775 729 ³
1799 696 1814 734 ἶ

207 776 344 819 rebus
398 775 590 831 egreglis
644 776 877 822 exornavit
927 774 1145 831 lectisque
1199 775 1443 826 verborum
1496 761 1728 845 coloribus·
1760 785 1763 787 “
1829 770 1872 827 j)

208 844 423 901 depinxit.
481 843 602 900 Quid
631 842 739 887 vero
768 846 981 898 scriptum
1012 846 1103 886 est
1095 844 1229 898 apud
1258 832 1470 886 Livium?
1587 857 1590 859 “
1664 852 1665 855 ’
1840 878 1939 906 3

344 937 588 980 Marcellus
611 935 874 990 explorandi
895 948 1033 978 causa
1063 936 1193 978 malis
1221 917 1447 993 prodigiis,
1477 949 1533 979 ne
1563 912 1719 980 contra

209 1007 377 1048 hostem
410 1005 728 1060 proficiscatur,
767 1004 1018 1057 admonitus
1057 1005 1146 1057 (26.
1174 1005 1251 1058 13)
1292 1007 1441 1048 tamen
1476 999 1720 1047 dimicandi
1773 1029 1777 1032 ⁴
1816 1038 1819 1040 v
1847 996 1859 1025 3²

206 1073 455 1129 cupiditate
494 1066 794 1115 inflammatus
836 1085 862 1115 0
896 1072 1050 1115 castris
1091 1073 1315 1127 egreditur
1355 1077 1397 1116 et
1436 1074 1480 1115 in
1521 1073 1718 1115 hostium

203 1142 389 1185 insidias
427 1141 583 1184 incidit
623 1143 680 1197 (c.
721 1142 775 1184 27
816 1145 944 1198 sqq..)
1002 1143 1247 1206 Postquam
1288 1142 1545 1186 vulneratos
1584 1134 1717 1184 ambo

203 1210 416 1276 consules,
445 1210 707 1253 Marcellum
747 1208 882 1253 etiam
924 1203 1188 1254 transfixum
1225 1211 1382 1254 lancea
1411 1204 1738 1266 prolabentem-

203 1292 262 1323 ex
291 1292 408 1335 equo
448 1279 767 1322 moribundum
805 1279 975 1335 videre,
1015 1283 1111 1321 tum
1148 1280 1341 1322 Romani
1379 1292 1483 1322 cum
1511 1278 1717 1342 Crispino

205 1350 387 1392 consule
418 1351 464 1392 et
492 1349 721 1391 Marcello
747 1349 1034 1392 adulescente
1071 1349 1226 1393 saucio
1267 1352 1311 1391 et
1339 1349 1435 1405 ipso
1465 1339 1717 1403 effugerunt

203 1419 297 1471 (27.
327 1419 386 1470 7).
444 1418 517 1470 Ex
547 1419 614 1461 his
644 1405 794 1461 verbis
823 1430 954 1461 nemo
983 1431 1071 1461 non
1090 1418 1319 1473 intelleget
1338 1418 1573 1461 Livianum
1602 1414 1722 1459 illud

204 1490 293 1530 non
323 1488 444 1530 fama
472 1486 691 1529 traditum
723 1499 830 1530 esse.
888 1488 1038 1542 Atque
1068 1488 1209 1529 multo
1244 1487 1379 1530 etiam
1414 1485 1597 1529 maioris
1627 1498 1717 1528 mo-

204 1557 342 1599 menti
387 1559 486 1598 sunt
530 1556 672 1599 verba
714 1558 760 1598 in
802 1559 823 1607 ς
865 1557 942 1598 11:
968 1567 1108 1606 &mors
1153 1556 1357 1598 Marcelli
1400 1568 1499 1597 cum
1545 1555 1715 1610 alioqui

200 1625 472 1669 miserabilis
510 1625 610 1680 fuit,
649 1627 745 1667 tum
786 1625 904 1680 quod
944 1620 1025 1667 nec
1065 1636 1146 1680 pro
1186 1628 1332 1668 aetate
1374 1646 1424 1656 -
1467 1624 1557 1666 iam
1595 1623 1728 1665 enim*
1769 1679 1773 1683 κ

202 1696 348 1737 maior
376 1695 609 1748 sexaginta
639 1694 765 1737 annis
795 1698 892 1736 erat
925 1717 975 1724 —
999 1705 1146 1748 neque
1177 1705 1257 1749 pro
1287 1694 1449 1736 veteris
1477 1691 1715 1747 prudentia

201 1764 327 1807 ducis
367 1766 479 1805 tam
518 1761 847 1816 improvide
886 1776 943 1805 00
983 1762 1403 1818 conlegamque
1443 1765 1498 1804 et
1537 1772 1714 1816 prope

200 1835 380 1875 totam
408 1844 525 1875 rem
555 1831 852 1888 publicam
883 1832 929 1874 in
960 1844 1172 1888 praeceps
1202 1831 1399 1874 dederat.

337 1930 405 1972 Ex
443 1929 605 1972 iisdem
646 1931 791 1973 causis
835 1930 1023 1974 alteram
1068 1931 1203 1973 etiam
1246 1929 1372 1973 Coeli
1410 1930 1711 1972 narrationem

198 2001 409 2056 scriptam
441 1998 786 2041 laudatione
816 1999 935 2053 fili,
962 2000 1041 2054 qui
1059 2000 1129 2041 rei
1148 2002 1301 2054 gestae
1319 1999 1581 2052 interfuerit,
1609 1998 1711 2040 Livi

198 2070 366 2112 fontem
396 2068 533 2112 fuisse
554 2068 709 2123 negari
739 2071 894 2124 potest.
952 2067 1071 2111 Nam
1091 2067 1175 2111 etsi
1195 2067 1433 2111 Marcellus
1453 2066 1710 2129 'adulescens

199 2139 244 2179 in
275 2137 362 2180 hac
400 2136 663 2179 laudatione
701 2148 729 2178 a
765 2149 813 2178 se
851 2137 1016 2192 scripta
1054 2138 1209 2191 fugam
1248 2136 1397 2179 celare
1435 2147 1523 2179 non
1552 2137 1710 2192 potuit,

196 2209 316 2250 certe
359 2209 521 2262 tamen,
576 2218 714 2261 quam
759 2205 1059 2250 disertissimis
1104 2206 1250 2249 verbis
1301 2208 1487 2262 poterat,
1541 2204 1598 2248 de
1644 2216 1709 2261 eo,

200 2275 319 2331 quod
351 2275 668 2317 moribundum
701 2278 874 2330 patrem
904 2276 1170 2331 reliquisset,
1208 2288 1256 2317 se
1285 2287 1498 2317 excusare
1526 2274 1709 2329 studuit,

197 2357 375 2388 causam
409 2342 590 2399 addens,
622 2356 699 2386 cur
728 2344 855 2386 illum
877 2356 1057 2387 servare
1086 2355 1172 2387 non
1203 2345 1407 2400 potuerit,
1435 2355 1580 2399 neque
1609 2345 1709 2386 sim-

197 2413 462 2470 plicissimis,
498 2420 632 2469 quae‘
646 2412 767 2468 apud
796 2413 979 2456 Livium
1008 2414 1097 2467 (27.
1129 2413 1177 2469 7)
1208 2416 1394 2471 exstant,
1433 2413 1583 2456 verbis
1613 2425 1708 2456 rem

195 2483 440 2526 memoriae
469 2482 664 2538 prodere
693 2483 800 2525 satis
831 2484 1002 2527 habuit.

331 2569 533 2624 Denique
574 2567 818 2611 secundum
860 2569 1038 2612 Livium
1079 2568 1257 2612 Coelius
1304 2570 1496 2627 tertiam,
1541 2583 1708 2626 quam

195 2639 324 2693 ipse
353 2650 455 2692 pro
485 2638 775 2692 inquisita
804 2641 859 2679 et
887 2638 1000 2681 sibi
1030 2641 1324 2694 comperta
1354 2638 1567 2693 adfert,
1597 2649 1708 2682 -nar-

193 2707 414 2750 rationem
446 2707 493 2749 in
524 2707 717 2749 historiis
748 2707 839 2749 suis
868 2708 1145 2752 memoravit.
1552 2721 1555 2723 ·
