1941 2999
932 114 984 154 21

117 224 132 261 ὲ
178 230 334 272 νὴυίιιε
382 227 574 269 historiis
623 227 822 268 hausisse
866 228 985 268 hunc
1022 226 1172 269 locum
1218 238 1305 269 non
1352 230 1519 269 temere
1563 228 1712 282 colligi

200 308 338 354 posse.

213 412 217 413 ⁷
339 365 554 418 Fragm.
583 359 660 405 21.
699 364 752 406 In
791 376 886 420 cap.
915 364 982 407 31.
1020 365 1048 406 8
1087 366 1114 406 1.
1143 365 1276 406 XXII
1297 366 1460 407 'Livius
1490 364 1548 407 de
1579 365 1710 407 Fabii

201 435 422 478 dictatura
451 433 564 476 haec
583 433 776 489 scripsit:
807 432 1021 482 Omnium,
1038 445 1178 489 prope
1199 434 1377 476 annales
1406 435 1597 477 Fabium
1619 434 1709 476 dic-

200 507 389 551 tatorem
420 501 636 544 adversus
657 502 953 545 Hannibalem
974 514 1070 544 rem
1091 503 1275 556 gessisse
1305 502 1509 557 tradunt3
1529 503 1708 545 Coelius

147 588 152 591 >
200 572 337 627 etiam
367 583 472 612 eum
501 572 697 626 primum
727 584 754 612 a
783 572 945 625 populo
976 575 1172 613 creatum
1206 571 1467 613 dictatorem
1496 571 1663 613 scribit.

327 640 425 680 >Hic
453 639 593 693 igitur
623 639 813 681 Fabium
845 640 1042 682 etfuisse
1066 643 1109 681 et
1139 652 1167 681 a
1191 640 1355 695 populo
1388 643 1589 682 creatum
1619 652 1713 682 esse

152 746 155 759 ,
201 709 464 752 dictatorem
485 709 671 765 putavit.
700 708 871 751 Deinde
886 710 1220 764 insequentibus
1240 709 1391 752 verbis
1408 709 1532 752 Titus
1552 709 1709 752 falsam

202 777 344 821 Coelii
384 777 666 832 aliorumque
704 778 970 819 sententiam
998 778 1162 819 refellit
1190 778 1415 833 simulque
1445 790 1535 833 quo
1576 778 1711 821 modo

203 858 330 889 error
374 846 454 888 ille
497 849 676 888 exortus
721 847 777 889 sit
821 846 968 889 docet:
1008 847 1083 888 sed
1130 850 1174 888 et
1213 845 1417 889 Coelium
1463 850 1506 888 et
1546 850 1714 889 ceteros

203 915 317 969 fugit
357 915 431 956 uni
473 915 641 956 consuli
671 914 747 957 Cn.
781 914 984 968 Servilio,
1027 916 1105 969 qui
1146 918 1243 956 tum
1281 915 1439 969 procul
1477 916 1522 956 in
1562 914 1714 956 Gallia

202 983 435 1038 provincia
455 983 622 1037 aberat,
641 984 710 1023 ius
740 983 873 1023 fuisse
893 982 1068 1023 dicendi
1098 982 1348 1037 dictatoris,
1370 988 1507 1036 quam
1536 994 1708 1024 moram

203 1051 312 1107 quia
341 1053 598 1106 exspectare
628 1051 784 1094 territa
803 1051 935 1094 tertia
963 1051 1056 1092 iam
1072 1050 1201 1093 clade
1221 1051 1379 1093 civitas
1408 1062 1495 1093 non
1524 1053 1711 1106 poterat,

202 1131 255 1162 eo
286 1120 528 1162 decursum
558 1123 637 1175 est,
666 1122 714 1161 ut
752 1132 779 1161 a
817 1120 984 1175 populo
1014 1126 1242 1161 crearetur
1271 1120 1348 1173 qui
1377 1131 1458 1174 pro
1489 1119 1705 1162 dictatore

202 1192 337 1242 esset3
367 1201 437 1230 res
467 1187 570 1230 inde
600 1192 743 1242 gestas
774 1189 1052 1243 gloriamque
1076 1189 1292 1242 insignem
1322 1188 1448 1230 ducis
1470 1192 1514 1230 et
1543 1201 1706 1242 augen—

192 1260 266 1300 tes
296 1257 471 1299 titulum
503 1257 711 1312 imaginis
741 1260 950 1313 posteros,
979 1260 1042 1313 ut,
1072 1257 1149 1311 qui
1180 1268 1257 1310 pro
1284 1257 1502 1299 dictatore
1533 1261 1706 1299 creatus

201 1330 325 1382 esset,
345 1326 534 1368 dictator
553 1327 687 1367 fuisse
708 1325 971 1382 crederetur,
991 1326 1122 1367 facile
1142 1325 1398 1367 obtinuisse.
1432 1324 1704 1368 Sententiam

200 1396 323 1437 illam
357 1394 499 1438 Coelii
529 1408 557 1436 a
575 1396 720 1448 *Livio
759 1395 993 1450 probatam
1033 1406 1119 1436 non
1159 1406 1254 1435 esse
1288 1405 1418 1436 nemo
1457 1405 1545 1435 non
1583 1394 1710 1436 intel-

201 1465 328 1517 leget.

340 1533 402 1574 Ut
441 1535 590 1574 autem
628 1532 686 1574 ad
725 1532 786 1587 id,
816 1544 904 1586 quo
940 1531 1174 1584 tendimus,
1213 1531 1541 1587 perveniamus,
1582 1532 1707 1573 nobis

200 1603 238 1644 is
274 1602 400 1644 locus
441 1614 543 1643 cum
581 1601 674 1644 Liv.
713 1600 862 1642 verbis
900 1600 947 1642 in
988 1612 1083 1656 cap.
1122 1600 1160 1642 8.
1201 1601 1227 1641 5
1269 1598 1592 1655 comparandus
1633 1603 1710 1642 est.
1751 1610 1755 1615 ·

201 1672 407 1726 Namque
444 1671 661 1713 rationem
700 1669 926 1724 quandam
963 1671 1076 1711 inter
1115 1669 1226 1710 duos
1259 1669 1379 1710 locos
1417 1669 1709 1724 intercedere,

204 1741 304 1794 quis
334 1742 401 1782 est
431 1740 511 1793 qui
540 1739 700 1793 neget?
732 1730 924 1780 Romani
953 1737 1000 1778 in
1028 1749 1200 1779 summo
1230 1737 1427 1792 periculo
1453 1741 1711 1793 versantur3

200 1810 357 1863 itaque
393 1807 452 1850 ad
490 1807 739 1850 remedium
767 1807 860 1847 iam
901 1807 981 1848 diu
1015 1819 1163 1860 neque
1192 1806 1492 1848 desideratum
1523 1819 1604 1848 nec
1634 1807 1709 1848 ad-

201 1869 406 1932 hibitum,
435 1876 696 1918 dictatorem
734 1874 984 1929 dicendum,
1014 1874 1172 1916 civitas
1204 1874 1412 1928 confugit.
1451 1878 1494 1915 et
1525 1875 1633 1929 quia
1662 1879 1706 1916 et

204 1946 356 1987 consul
397 1946 563 2000 aberat,
602 1957 630 1986 a
672 1946 762 1999 quo
803 1955 888 1986 uno
927 1943 1019 1985 dici
1057 1955 1186 1998 posse
1219 1943 1471 1997 videbatur,
1510 1956 1590 1985 nec
1628 1956 1711 1998 per

204 2016 468 2069 occupatam
508 2013 643 2055 armis
672 2012 847 2054 Punicis
875 2011 1055 2053 Italiam
1095 2010 1225 2052 facile
1255 2014 1349 2052 erat
1388 2014 1467 2052 aut
1506 2013 1709 2054 nuntium

206 2085 283 2123 aut
312 2083 486 2124 litteras
525 2082 656 2138 mitti,
694 2093 794 2122 nec
833 2080 1179 2122 dictatorem
1218 2081 1466 2134 populus
1508 2093 1710 2123 creare

203 2153 451 2207 poterat,
491 2150 641 2205 quod
674 2149 963 2205 'nunquam
998 2152 1127 2203 ante
1157 2161 1272 2191 eam
1314 2149 1461 2191 diem
1499 2149 1710 2191 factum

201 2222 347 2270 erat,
369 2219 718 2261 dictatorem
741 2219 872 2273 (haec
890 2219 1025 2260 lectio
1047 2219 1193 2270 codd.)
1215 2219 1462 2273 populus
1483 2220 1711 2261 creavit

202 2286 254 2342 Q.
279 2288 470 2330 Fabium
498 2289 747 2331 Maximum
778 2288 1109 2342 etbmagistrum
1140 2288 1341 2343 equitum
1371 2288 1428 2330 M.
1457 2288 1706 2331 Minucium

196 2357 378 2413 Rufum.
1228 2410 1231 2412 ι

337 2427 471 2468 Illum
493 2428 642 2469 locum
667 2439 845 2483 prorsus
874 2439 1003 2469 sensu
1025 2438 1175 2468 carere
1198 2437 1327 2468 nemo
1357 2437 1443 2467 non
1462 2426 1707 2481 intelleget.

201 2494 352 2549 Quare
390 2495 483 2536 iam
521 2497 567 2537 in
608 2496 804 2538 editione
834 2496 1100 2538 Ascensiana
1139 2508 1177 2536 a.
1206 2494 1319 2536 1513
1358 2495 1534 2548 ignotus
1575 2496 1708 2537 homo

201 2561 393 2617 scripsit:
423 2563 888 2618 prodictatorem
912 2563 1100 2620 populus
1121 2563 1290 2605 creavit
1310 2566 1388 2605 cet.
1430 2563 1578 2619 Atque
1598 2565 1712 2607 hanc

205 2631 442 2673 lectionem
488 2645 583 2674 esse
625 2637 796 2676 rectam
839 2635 944 2675 satis
988 2636 1173 2688 apparet
1211 2646 1268 2673 ex
1314 2636 1407 2674 toto
1451 2633 1581 2674 huius
1626 2634 1713 2675 loci

207 2702 417 2741 contextu
459 2705 716 2757 comparato
756 2715 858 2745 cum
886 2702 1036 2745 verbis
1067 2714 1159 2756 cap.
1189 2701 1256 2743 31.
1295 2701 1333 2757 8,
1373 2707 1421 2743 ut
1450 2700 1498 2745 Ο.
1527 2701 1716 2745 G'ilbert:
