1941 2999
946 69 1008 111 '39

274 176 279 209 ἕ
366 183 518 240 Q'uare
559 181 763 239 Wb'fflin‚
792 183 1053 238 praesertim
1083 195 1188 225 cum
1217 183 1360 226 forma
1390 183 1574 239 perfecti
1607 181 1734 239 „icit“

178 302 180 305 ,
203 251 211 266 ’·
230 261 258 296 a
278 252 404 332 {livio
424 250 627 296 hoo-1000
653 246 841 307 primu
855 265 899 293 m
919 252 1127 295 adhibita
1145 252 1384 308 sit‚‘1·itum
1404 250 1616 294 Coeum
1634 252 1734 293 ina:

92 329 141 377 ἢῆ
192 316 330 378 ¹-qui
331 333 440 381 cum
469 320 507 362 is
535 320 601 362 ita
630 319 788 362 foedus
817 321 1012 362 icistis
1041 323 1144 362 ante
1165 321 1316 363 oculos
1337 320 1549 363 habuisse
1575 323 1734 362 censet.

17 390 62 436 ”J
96 438 116 444 ,,
216 391 321 446 Sed
343 389 545 435 omnium
573 387 789 431 codicum
830 389 959 438 lectio
990 392 1095 431 est:
1114 388 1323 443 iecit1),
1367 388 1658 444 quamobrem
1686 389 1733 431 in

0 446 85 516 ῗεζζ.
207 443 542 518 '‘Weissenborni
571 461 616 500 et
645 457 795 501 Hertzi
826 457 1090 501 editionibus
1129 458 1269 499 fecit
1308 453 1540 513 reperitur.
1599 458 1733 499 Prae-

3 510 32 542 ξ’
65 518 87 545 ³⁵·
156 548 168 567 „-
229 533 353 572 terea
382 526 504 583 apud
534 524 749 578 Coelium3
779 527 818 568 si
845 531 966 569 recte
985 528 1035 568 fr.
1055 527 1247 568 relatum
1278 529 1355 582 est,
1384 528 1437 582 ei,
1468 527 1545 582 qui
1576 526 1731 569 foedus

228 597 395 646 ineunt,
438 593 821 648 Carthaginienses
864 598 985 649 sunt,
1029 594 1150 649 apud
1189 594 1367 636 Livium
1409 593 1583 638 duobus
1628 596 1734 638 locis

88 650 98 677 ἵ·
175 683 176 687 ’
228 660 421 710 Romani
458 662 528 716 (C.
566 663 805 716 Lutatius).
847 687 897 693 —
945 662 1031 705 Sed
1054 666 1122 704 ·ut
1162 663 1296 706 lectio
1339 661 1462 718 „icit‘.‘
1505 667 1629 706 recta
1666 666 1732 721 sit,

0 746 37 778 μ.
128 736 149 756 ⁵
228 733 376 776 'tamen
405 744 536 774 nemo
566 743 624 773 ex
654 732 738 773 hoc
767 743 853 773 uno
885 732 1020 773 verbo
1045 732 1223 773 Livium
1241 744 1314 774 <ex
1350 731 1501 774 Coelio
1531 733 1731 775 hausisse

65 823 69 826 ·
135 831 139 835 ι
219 802 404 845 efficiet.

367 871 580 924 Fragm.
613 871 657 911 7:
686 870 786 913 Non
814 884 846 913 s.
869 885 906 912 v.
937 873 1168 924 poteratur
1196 883 1236 924 p.
1257 871 1342 913 508
1373 870 1551 914 Caelius
1581 872 1730 916 annali

18 915 45 965 ξ’
76 964 89 970 ψ-
139 993 150 997 Η
181 939 183 941 ’
224 940 343 982 'libro
382 940 425 981 I:
470 937 584 980 Cum
629 940 727 981 iure
765 939 860 981 sine
903 939 1103 994 periculo
1148 939 1317 981 bellum
1357 940 1453 994 geri
1491 943 1731 996 poteratur.

208 1008 357 1064 ;Quae
385 1008 525 1050 verba
543 1009 589 1049 in
610 1007 776 1050 bellum
796 1008 907 1050 Pun.
926 1008 1123 1063 primum
1149 1007 1313 1050 cadunt
1341 1007 1474 1063 atdue
1505 1010 1731 1063 aptissime

64 1090 66 1092 ’
228 1077 284 1118 ad
316 1077 562 1119 orationem
589 1076 647 1118 ab
677 1074 889 1117 Hannone
928 1076 977 1116 in
1011 1079 1164 1118 senatu
1195 1075 1345 1118 Carth.
1385 1077 1585 1119 habitam
1617 1076 1732 1129 (Liv.

9 1142 19 1150 ⁴
183 1170 191 1176 κ
227 1146 354 1201 XXI,
384 1146 451 1187 10.
480 1146 529 1198 9)
559 1158 588 1186 a
617 1144 802 1200 Sieylino
833 1146 895 1199 (p.
926 1145 1001 1197 13)
1030 1146 1171 1186 relata
1200 1149 1310 1187 sunt.

216 1264 223 1272 γ’
364 1214 510 1267 Fra'g
521 1226 577 1255 m.
615 1214 663 1255 8:
703 1213 900 1254 Priscian
929 1213 1039 1255 VIII
1077 1226 1118 1267 p.
1145 1213 1226 1255 801
1269 1215 1316 1255 P.
1346 1214 1431 1255 399
1467 1214 1523 1256 Η.
1552 1213 1732 1258 Caelius

226 1285 270 1325 in
290 1284 333 1325 I:
373 1282 464 1338 Qui
491 1282 746 1336 intelligunt
775 1277 890 1337 quae
920 1283 1038 1337 fiant,
1076 1282 1402 1325 dissentiuntur.
1435 1306 1489 1314 —
1517 1282 1648 1338 Quod
1677 1286 1728 1328 fr.

226 1352 287 1394 ad
315 1353 460 1393 varios
490 1351 609 1392 locos
630 1353 695 1392 est
714 1353 987 1392 revocatum.
1044 1351 1148 1392 Jam
1171 1352 1365 1405 primum
1384 1351 1546 1407 Sieqlin
1567 1353 1630 1406 (p.
1652 1354 1729 1406 20)

174 1469 176 1473 y
226 1432 286 1463 ex
315 1416 518 1463 oratione
547 1419 772 1461 Hannonis
811 1417 924 1461 illud
954 1422 1177 1475 sumptum
1206 1431 1300 1461 esse
1329 1423 1467 1475 putat,
1505 1421 1604 1463 coll.
1633 1421 1734 1463 Livi

226 1488 351 1545 XXI,
371 1490 410 1531 4.
433 1490 457 1530 1
488 1488 658 1531 verbis:
688 1488 822 1543 pauci
842 1499 896 1529 ac
914 1488 1055 1529 ferme
1086 1487 1281 1543 optimus
1311 1489 1499 1544 quisque
1528 1489 1733 1533 Hannoni

226 1556 602 1600 adsentiebantur.
661 1556 812 1611 Atque
840 1555 953 1597 illud
982 1558 1104 1598 recte
1123 1555 1372 1598 iudicatum
1401 1560 1526 1613 esset,
1555 1558 1593 1599 si
1621 1560 1731 1614 opti-

227 1638 325 1667 mus
356 1627 544 1680 quisque
585 1626 612 1667 i.
651 1636 688 1666 e.
727 1623 962 1678 optimates
992 1624 1063 1665 vel
1098 1624 1269 1666 nobiles
1299 1623 1731 1679 Carthaginiensium

210 1694 492 1749 ,significaret
531 1692 742 1736 Coeliana
782 1692 883 1735 illa:
933 1694 1010 1747 qui
1048 1693 1303 1747 intelligunt
1341 1694 1373 1740 i.
1407 1706 1444 1735 e.
1482 1694 1733 1748 prudentes.

192 1782 193 1785 =
226 1762 396 1804 Deinde
436 1761 484 1804 0.
514 1761 697 1803 Gilbert:
737 1761 821 1802 Die
859 1761 1033 1815 Fragm.
1071 1775 1111 1815 p.
1149 1761 1235 1803 403
1274 1762 1333 1803 ad
1372 1759 1620 1804 orationem
1648 1764 1732 1805 Fa-

225 1830 405 1872 bianam
437 1830 577 1873 verba
605 1832 794 1872 revocat.
852 1830 1056 1884 Denique
1085 1830 1250 1872 Posner
1278 1831 1339 1885 (p.
1369 1829 1447 1883 43)
1478 1842 1583 1872 cum
1611 1830 1732 1873 dicat

225 1899 363 1941 verba
391 1899 574 1940 fortasse
613 1897 671 1940 ad
711 1897 970 1940 Hannibalis
1010 1899 1056 1940 in
1091 1898 1354 1952 Saguntinos
1393 1898 1602 1940 iniuriam
1632 1911 1730 1953 per-

150 2015 153 2016 ⁷
226 1967 380 2022 tinere,
411 1967 465 2009 ad
489 1967 735 2010 orationem
755 1979 783 2008 a
803 1964 1159 2021 Carthaginiensi
1186 1966 1384 2021 quodam
1404 1967 1521 2008 inter
1541 1966 1729 2022 Sagunti

162 2042 167 2045 ’
225 2036 498 2078 obsidionem
529 2036 729 2079 habitam
758 2036 901 2079 refert.

361 2106 573 2159 Fragm.
602 2106 689 2147 13:
720 2105 832 2148 Plin.
855 2119 895 2147 n.
915 2106 956 2147 h.
986 2105 1054 2147 111
1074 2105 1157 2147 132
1178 2105 1304 2160 Alpis
1333 2106 1379 2146 in
1408 2105 1727 2160 longitudinem

225 2174 399 2215 deciens
438 2176 623 2216 centena
661 2174 785 2215 milia
823 2186 1032 2230 passuum
1071 2176 1222 2227 patere
1262 2185 1290 2214 a
1328 2185 1488 2229 supero
1524 2174 1642 2216 mari
1670 2174 1729 2217 ad

223 2242 413 2291 inferum
443 2240 622 2285 Caelius
651 2242 802 2284 tradit.

361 2309 480 2364 Quid
510 2312 656 2367 aptius
687 2316 763 2368 est,
792 2325 930 2367 quam
955 2314 1150 2355 statuere
1178 2312 1264 2354 hoc
1292 2312 1343 2354 fr.
1374 2323 1434 2354 ex
1461 2312 1583 2354 fama
1612 2311 1731 2356 Coei.

224 2379 281 2421 de
310 2379 570 2422 Hannibalis
610 2393 689 2434 per
729 2381 862 2435 Alpes
901 2382 1086 2423 transitu
1127 2393 1155 2422 a
1183 2380 1326 2422 Plinio
1362 2380 1571 2422 haustum
1603 2383 1729 2423 esse?

360 2446 574 2501 Fragm.
615 2449 701 2490 15:
740 2448 910 2491 Charis.
948 2449 993 2491 II
1031 2462 1071 2503 p.
1110 2448 1193 2490 182
1234 2449 1282 2489 P.
1320 2448 1406 2490 203
1435 2449 1489 2490 K.
1548 2448 1730 2492 Coelius

224 2514 507 2562 historiarum
527 2516 568 2559 I:
599 2516 867 2561 duodeciens
887 2517 923 2561 C
943 2518 1166 2573 (centena)
1196 2517 1323 2560 milia
1342 2530 1555 2575 passuum
1585 2520 1728 2574 longe.

360 2597 390 2659 ¹]
443 2599 601 2652 Watfflin
625 2612 662 2644 et
685 2610 844 2654 Madwiq
867 2608 933 2656 „e“
955 2607 1109 2646 inditum
1140 2618 1221 2645 esse
1242 2602 1374 2653 putant
1405 2608 1453 2645 ad
1474 2608 1612 2646 vocalis
1636 2619 1732 2646 men-

227 2674 349 2701 suram
374 2663 658 2721 significandam,
