1941 2999
918 65 974 109 1¹1

181 151 453 238 ..Εᾲωᾳῃῦ
477 180 757 248 Placentiam
787 179 1066 223 contendunt.
1096 205 1152 212 —-
1192 180 1367 224 Pedites
1397 191 1504 224 vero
1546 163 1703 223 eodem

50 251 61 283 ρ
122 246 127 273 ἰ
158 249 162 265 ³
195 258 284 309 quo
312 248 445 305 Mago
472 252 608 305 ponte
637 249 811 292 Padum
850 251 1075 297 traiecisse
1115 264 1173 293 ex
1208 252 1449 293 verborum
1489 254 1701 293 contextu

193 317 301 363 satis
329 322 527 373 apparet.
585 318 814 361 Habemus
852 320 989 374 igitur
1028 320 1327 363 narrationem
1365 320 1612 376 cuiuspiam
1644 332 1703 361 ex

195 389 451 442 potioribus,
481 399 592 441 quos
622 388 773 430 Livius
802 401 938 442 supra
968 390 1345 443 commemoravit,
1375 390 1644 431 auctoribus.

334 456 484 511 Atque
505 455 590 498 hoc
611 456 708 499 loco
729 457 836 498 mihi
856 456 990 499 liceat
1010 458 1162 511 paucis
1183 468 1534 500 commemorare
1553 457 1701 499 verbis

204 524 467 580 Wb'fflinum
506 525 553 565 in
593 524 786 567 editione
826 527 853 567 l.
883 526 1007 567 ‘XXI
1046 541 1087 581 p.
1128 526 1183 567 52
1224 539 1282 568 ex
1321 539 1387 581 eo,
1427 527 1547 580 quod
1587 527 1702 567 ratio

195 593 491 650 Hispanorum
532 592 800 636 Rhodanum
841 595 1135 636 traicientium
1172 594 1335 638 eadem
1377 595 1526 650 fuerit,
1566 607 1701 650 quam

94 659 101 671 ”
155 698 160 703 .
193 657 358 707 Livius*
377 661 623 703 secundum
653 661 856 704 Coelium
881 664 926 704 in
956 663 1025 704 47.
1045 666 1072 704 5
1104 666 1176 716 (ut
1204 665 1296 705 iam
1315 665 1532 718 Hispanos
1552 676 1704 706 omnes

195 730 333 772 inflati
373 729 648 772 travexerint
687 734 828 781 utres)
867 733 1128 788 narraverit,
1169 731 1430 775 conclusisse
1470 733 1703 775 Livianam

195 799 513 842 narrationem:
552 799 766 854 „Hispani
804 801 899 841 sine
928 800 1023 841 ulla
1054 801 1170 842 mole
1198 802 1245 841 in
1286 802 1398 842 utris
1428 802 1701 843 vestimentis
1768 830 1773 834 -

195 868 402 912 coniectis
431 868 518 922 ipsi
556 868 715 910 caetris
744 869 1032 923 superpositis
1071 870 1329 912 incubantes
1366 870 1528 912 flumen
1558 874 1701 912 trana-

196 930 301 978 Vere
323 935 468 991 (XXI,
488 937 556 977 27.
576 930 769 990 5)“(v‘eri
788 937 995 978 similiter
1014 950 1073 979 ex
1094 937 1248 980 Coelio
1269 950 1483 984 manasse.
1513 939 1699 981 Verum-

195 1007 343 1045 tamen
363 1016 450 1045 non
465 1005 701 1060 habemus,
731 1005 852 1060 quod
873 1007 984 1047 hanc
1008 1007 1270 1048 senteutiam
1298 1007 1393 1048 sine
1422 1006 1701 1049 dubitatione

197 1084 436 1128 sumamus.
494 1072 580 1116 Illa
619 1073 736 1114 enim
778 1074 940 1115 flumen
981 1074 1239 1115 transeundi
1254 1075 1385 1129 {atio
1416 1087 1701 1130 nequaquam

194 1141 418 1196 inusitata,
457 1153 614 1182 verum
656 1142 790 1183 etiam
831 1143 990 1184 crebra
1024 1144 1121 1197 fuit,
1164 1147 1211 1184 ut
1241 1146 1426 1198 apparet
1456 1156 1513 1185 ex
1543 1142 1700 1185 Curtio

196 1209 292 1263 VII,
321 1209 388 1250 21.
417 1210 465 1251 8:
506 1211 670 1263 quibus
702 1210 916 1263 (utribus)
957 1212 1214 1253 incubantes
1242 1216 1481 1271 tranavere
1511 1224 1701 1267 amnem,

197 1280 242 1319 et
271 1290 338 1337 ex·
358 1276 483 1319 Caes.
512 1278 613 1320 bell.
645 1279 727 1320 civ.
758 1279 792 1334 1,
822 1280 890 1335 48.
924 1280 970 1321 7:
1011 1280 1279 1321 Lusitani
1311 1302 1362 1310 —
1405 1280 1569 1334 quibus
1605 1284 1703 1321 erat

196 1345 396 1400 proclive
417 1349 596 1388 tranare
620 1347 796 1404 flumen,
826 1347 947 1403 quod
977 1348 1334 1390 consuetudo
1365 1360 1558 1390 eorum
1591 1360 1701 1390 om-

195 1416 349 1458 niu-m
392 1420 497 1471 est,
551 1405 611 1457 ut
655 1417 777 1471 sine
825 1417 1056 1459 utribus
1105 1418 1168 1459 ad
1222 1418 1547 1459 exercitum
1595 1430 1700 1460 nou

195 1488 336 1525 eant.
395 1483 486 1526 Gur
515 1486 653 1538 igitur
673 1486 852 1527 Livium
874 1498 974 1527 eam
997 1498 1113 1541 quae
1142 1487 1297 1528 crebro
1328 1486 1486 1528 accidit
1515 1499 1609 1528 rem
1641 1500 1700 1528 ex

195 1553 290 1606 ipso
321 1552 475 1595 Coelio
506 1555 705 1597 hausisse
723 1557 923 1597 'statuere
951 1556 1195 1608 cogamur?
1226 1555 1362 1597 Illum
1391 1567 1447 1597 ex
1477 1555 1568 1597 alio
1599 1569 1702 1597 auc-

195 1626 290 1677 tore
318 1635 397 1663 sua
426 1624 664 1676 sumpsisse
677 1635 820 1664 nonne
840 1623 997 1665 eodem
1018 1624 1116 1665 iure
1134 1624 1262 1664 nobis
1283 1624 1386 1665 licet
1406 1624 1700 1665 concludere?

194 1689 404 1745 Namque
433 1691 567 1733 credo
598 1694 695 1733 tum
725 1691 916 1747 demum,
956 1704 1056 1733 cum
1087 1691 1176 1733 duo
1207 1691 1441 1745 scriptores
1470 1692 1516 1733 in
1546 1692 1702 1746 aliqua

195 1762 275 1799 aut
304 1758 516 1802 inusitata
553 1763 631 1801 aut
670 1760 781 1801 falsa
818 1761 1013 1814 fictaque
1051 1773 1100 1801 re
1139 1760 1424 1815 consentiunt,
1463 1773 1545 1816 pro
1579 1765 1699 1802 certo

193 1837 272 1868 nos
316 1827 548 1870 affirmare.
586 1840 713 1883 posse
756 1831 834 1870 aut
876 1829 1065 1870 alterum
1106 1842 1163 1870 ex
1203 1830 1341 1870 altero
1383 1829 1584 1871 hausisse
1621 1833 1700 1878 aut

196 1897 436 1950 utrumque
464 1910 592 1938 usum
623 1909 717 1939 esse
746 1897 903 1955 eodem
933 1897 1062 1939 fonte.

329 1965 534 2020 Denique
560 1978 678 2021 quae
697 1967 812 2008 ratio
834 1967 916 2008 boc
937 1966 1032 2008 loco
1048 1966 1163 2007 inter
1183 1966 1365 2007 Livium
1384 1970 1428 2008 et
1447 1966 1700 2020 Polybium,

194 2032 272 2087 qni
293 2034 447 2075 multis
461 2035 597 2076 rebus
612 2036 726 2078 inter
741 2047 788 2076 se
803 2038 1060 2090 congruunt,
1073 2034 1332 2090 intercedat,
1353 2035 1452 2089 quis
1469 2035 1701 2091 utriusque

193 2105 349 2143 auctor
368 2102 511 2159 fuerit,
543 2104 653 2146 haec
673 2105 821 2146 aliena
841 2107 940 2146 sunt
959 2116 988 2145 a
1008 2104 1308 2158 disputatione
1326 2107 1487 2146 nostra.
1524 2103 1699 2158 Quibus

193 2168 249 2212 de
277 2170 408 2212 rebus
438 2170 673 2216 &Gilbort
695 2173 750 2218 in
780 2172 916 2215 libro:
947 2172 1022 2214 die
1042 2173 1217 2227 Fragm.
1237 2187 1277 2228 p.
1296 2173 1380 2215 431
1401 2185 1495 2227 sqq.
1525 2174 1701 2227 copiose

193 2232 410 2280 disseruit.

327 2307 540 2361 Fragm.
571 2310 647 2352 20.
677 2309 767 2352 Cic.
795 2309 852 2352 de
881 2310 969 2352 div.
989 2311 1023 2362 Ι,
1045 2308 1111 2351 35.
1143 2310 1195 2351 77
1227 2310 1696 2368 complurium-prodi-

133 2375 138 2379 “
192 2374 367 2431 giorum
397 2377 644 2421 secundum
674 2378 877 2422 Coelium
907 2379 1172 2422 mentionem
1203 2379 1315 2420 fecit.
1365 2378 1453 2421 Sed
1483 2377 1699 2421 Coeliana

194 2444 274 2485 ilia
304 2457 447 2499 neque
487 2448 531 2488 in
561 2448 698 2491 rebus
727 2460 874 2502 neque
902 2448 949 2489 in
979 2448 1128 2489 verbis
1169 2460 1271 2490 cum
1301 2448 1430 2489 Livio
1462 2449 1630 2504 (XXII,
1660 2450 1700 2491 3.

192 2513 245 2555 11
277 2515 390 2568 sqq.)
420 2517 714 2559 consentiunt.
1040 2555 1045 2559 .

323 2582 428 2625 ‚Iam
473 2583 527 2626 de
570 2585 723 2642 loco,
763 2597 853 2641 quo
897 2584 1103 2642 prodigia
1147 2585 1418 2641 acciderunt,
1461 2587 1697 2641 scriptores

189 2651 328 2706 nostri
354 2652 473 2695 inter
500 2665 549 2695 se
571 2654 842 2711 discrepant.
892 2655 1010 2697 Nam
1040 2668 1153 2708 cum²
1172 2655 1422 2698 Flaminius
1457 2657 1701 2698 secundum
1749 2711 1752 2713 Ὗ

1361 2732 1382 2766 2
