1941 2999
18 792 29 804 1-
2 755 37 779 ’ζι
0 661 41 739 ιιι-,ς’
0 421 34 463 u<1:25

892 19 944 67 1-1

92 115 311 204 {famum
325 132 502 192 auditu
503 151 750 197 accepisse,
779 140 865 184 sed
895 143 1017 191 certo
1045 140 1224 185 debere
1240 140 1422 197 aucteri,
1457 144 1506 183 ut
1536 142 1669 197 ctiam

85 216 227 277 &qen
241 214 363 273 loco
375 208 478 255 Liv.
505 200 576 265 H
582 207 657 252 32.
675 210 714 255 3
726 211 938 270 cognosci
965 212 1142 264 potest:-
1151 222 1228 252 ea
1254 211 1526 265 frequentior
1554 212 1675 253 fama

87 292 111 330 ἵζ’
130 276 271 340 fest,
277 276 413 341 quam
443 280 568 333 cuius
577 279 727 322 Piso
757 282 915 332 auctor
943 282 1035 323 est.-

258 339 628 412 Fragm.'12
675 347 844 399 Charis.
882 349 926 391 ΙΙ
969 364 1011 405 p.
1048 348 1133 392 183
1178 350 1226 392 P.
1270 348 1354 391 203
1398 349 1450 390 K.
1495 347 1672 392 Coelius

129 404 136 456 Ῐ
158 420 467 484 historiarum
484 417 554 459 I
580 417 880 473 Sempronius
898 417 1116 472 Lilybaeo
1156 418 1350 460 celocem
1390 418 1437 459 in
1478 418 1674 460 Africam

118 490 141 539 ᾗ
165 488 334 556 mittit,
345 487 492 533 visere
523 474 684 542 locum,
715 485 804 530 ubi
822 486 1069 529 exercitum
1099 489 1356 542 exponeret.

305 556 450 617 Quod
467 556 518 598 fr.
548 555 688 598 multi
717 556 837 598 docti
863 555 921 598 ad
962 556 1258 599 narrationem
1286 556 1519 599 Livianam
1550 556 1675 612 XXI,

56 637 59 642 “
171 629 228 674 17·
247 626 415 670 refer-ri
444 626 611 669 volunt
666 626 992 668 Perlustremus
1011 626 1150 681 igitur
1171 627 1288 668 hunc
1307 626 1468 669 locum.
1521 625 1675 667 Livius

122 744 124 746 v
165 683 405 755 ‘postquam
434 693 614 737 ineunte
641 675 790 754 capite
813 695 863 736 1‘7
886 693 1091 738 Cornelio
1109 695 1388 751 Hispaniam,
1415 694 1673 749 Sempronio

173 758 369 813 Atticam
415 773 519 815 cum
563 763 719 806 Sicilia
770 763 1021 818 provincias
1065 765 1184 805 sorte
1236 763 1434 811 evenisse
1476 763 1674 805 narravit

0 827 91 873 2⁶²³
111 837 142 847 ⁵
171 843 411 888 copiasque
449 834 605 874 contra
643 829 1029 885 Carthaginienses
1068 833 1342 887 pugnaturas
1384 832 1670 886 enumeravit,

85 904 90 912 “
154 894 216 945 in
228 898 325 955 5‘5
355 900 421 942 ita
441 900 616 955 pergit:
656 900 773 943 Inter
806 900 1005 942 consules
1039 900 1104 942 ita
1133 900 1288 954 copiae
1319 900 1512 945 divisae:
1551 900 1672 943 Sem-

7 964 11 983 ³
50 965 57 968 ⁴
85 994 90 1000 ι
122 995 125 997 -
171 971 345 1027 pronio
355 968 491 1011 datae
514 968 712 1023 legiones
742 961 860 1010 duae
889 972 934 1010 et
964 969 1186 1011 sociorum
1215 969 1407 1011 sedecim
1441 970 1569 1012 milia
1598 983 1672 1025 pe-

3 1083 6 1084 ι
54 1040 58 1054 ²
167 1038 326 1101 ditum,
357 1038 529 1093 equites
558 1037 683 1079 mille
712 1038 963 1093 octingenti,
992 1051 1127 1081 naves
1158 1038 1317 1092 longae
1346 1042 1519 1080 centum
1549 1051 1674 1082 sexa·

0 1095 7 1103 '¹
67 1113 68 1116 ’
135 1109 306 1164 „gintQ
336 1100 519 1149 celoces
537 1106 784 1149 duodecim.
816 1120 915 1148 cum
948 1109 1013 1149 his
1044 1108 1326 1150 terrestribus
1346 1107 1671 1163 maritimisque

162 1176 308 1246 copiis
329 1176 397 1218 Ti
416 1175 700 1232 Sempronius
728 1176 885 1219 missus
911 1177 956 1219 in
987 1177 1275 1233 Siciliam,
1304 1177 1369 1226 ita
1398 1176 1443 1218 in
1470 1176 1670 1219 Africam

172 1239 517 1300 transmissuruS,
555 1245 592 1286 si
621 1244 695 1287 ad.
712 1246 954 1288 arcendum
983 1246 1116 1288 Italia
1145 1209 1345 1288 Poen'um
1374 1245 1527 1289 consul
1557 1246 1669 1289 alter

171 1315 277 1356 satis
306 1317 505 1356 esset.—
520 1314 725 1357 Primum
745 1313 1004 1367 diligentius
1017 1314 1144 1357 nobis
1175 1311 1536 1370 comparantibus
1567 1315 1678 1357 haec

171 1383 311 1426 verba
351 1395 453 1424 cum
495 1382 648 1424 Coelio
668 1382 834 1424 'statim
875 1382 1217 1437 intellegendum
1259 1386 1325 1425 est
1363 1382 1673 1437 Sempronium
1755 1426 1769 1432 ‚

171 1464 225 1494 ea
256 1450 526 1505 condicione,
557 1453 607 1492 ut
637 1450 695 1493 ad
724 1451 962 1511 arcendum
994 1451 1128 1493 Italia
1148 1452 1347 1494 Poenum
1378 1451 1529 1494 consul
1559 1451 1673 1494 alter

170 1520 276 1561 satis
297 1521 423 1574 esset,
452 1520 499 1560 in
519 1519 721 1561 Africam
739 1521 1034 1561 transmittere
1054 1519 1223 1560 iussum
1245 1531 1350 1560 esse.
1391 1519 1675 1575 Sempronius

8 1573 32 1638 s
67 1582 87 1621 ss
171 1587 310 1641 igitur
338 1587 582 1643 praecipue
613 1587 660 1629 in
689 1587 975 1642 Siciliam,
1016 1588 1184 1643 quippe
1213 1600 1329 1642 quae
1357 1600 1385 1629 a
1415 1586 1678 1642 Carthagin-

170 1656 357 1698 iensium
387 1656 706 1698 incursionibus
723 1659 832 1698 *tuta
860 1668 947 1697 non
976 1657 1033 1698 sit
1064 1656 1138 1706 (cf.
1169 1668 1203 1698 c.
1232 1657 1301 1698 49.
1323 1655 1350 1697 2
1380 1658 1425 1698 et
1453 1657 1522 1699 51.
1542 1657 1581 1710 2,
1610 1657 1670 1713 3),

171 1724 371 1767 mittitur.

122 1856 127 1860 Δ
303 1793 477 1835 Deinde
520 1806 578 1835 ex
623 1792 833 1835 Coeliano
877 1794 926 1834 fr.
969 1794 1074 1835 satis
1129 1796 1319 1848 apparet
1347 1793 1675 1859 Sempronium
1748 1809 1755 1812 ·

137 1875 140 1876 ⁷
170 1863 260 1904 iam
290 1863 337 1904 ιιι
365 1862 518 1905 Sicilia
547 1861 792 1916 (Lilybaei)
832 1862 978 1925 fuisse,
1017 1861 1135 1904 unde
1172 1862 1367 1905 celocem
1397 1862 1443 1904 in
1474 1862 1672 1906 Africam

34 1925 36 1927 ’
105 1929 124 1933 ”
168 1926 314 1984 misit3
352 1930 598 1972 secundum
629 1931 807 1972 Livium
844 1936 903 1982 (c.
942 1930 1018 1983 17)
1053 1933 1203 1974 autem
1233 1931 1537 1972 Romanorum
1576 1930 1674 1973 dux

54 1989 56 1991 '
111 2012 117 2014 ·
171 1998 366 2041 nondum
396 1999 443 2048 in
474 2000 628 2042 Sicilia
658 2002 971 2057 commoratur,
1011 1999 1087 2047 sed
1128 2002 1225 2041 tum
1263 1998 1446 2040 demum
1485 2010 1538 2041 eo
1577 2012 1676 2055 pro-

168 2067 307 2124 ficisci
336 2067 524 2110 iubetur.
583 2068 788 2123 Denique
808 2080 866 2110 ex
886 2080 949 2124 eo,
981 2067 1099 2123 quod
1120 2069 1162 2109 in
1183 2071 1205 2118 §
1225 2068 1251 2108 5
1273 2067 1489 2108 celocium
1505 2069 1673 2110 mentio

76 2137 99 2143 ““
136 2183 146 2189 ,
171 2137 231 2192 fit,
258 2136 344 2179 hoc
373 2137 470 2179 loco
499 2137 679 2182 Livium
708 2150 768 2180 ex
797 2137 950 2181 Coelio
991 2138 1187 2183 hausisse
1215 2134 1366 2192 colligi
1407 2147 1494 2178 non
1524 2140 1678 2191 potest.

171 2204 378 2261 Namque
407 2206 561 2251 Livius
593 2207 729 2252 etiam
758 2207 996 2259 XXXVII,
1017 2208 1084 2249 27.
1102 2206 1133 2248 4
1161 2206 1378 2248 celocium
1407 2205 1674 2248 mentionem

171 2273 286 2319 facit.
353 2277 592 2318 Praeterea
631 2276 913 2318 manifestum
955 2278 1022 2318 est
1059 2275 1250 2317 navibus
1289 2273 1456 2329 longis,
1498 2273 1537 2314 si
1576 2275 1675 2330 quis

156 2344 473 2395 Romanorum
518 2345 614 2387 dux
656 2346 713 2388 ad
756 2345 949 2388 insulam
992 2343 1314 2388 defendendam
1358 2343 1517 2385 missus
1561 2348 1672 2399 erat,

172 2413 327 2456 etiam
338 2412 516 2455 cclcces
538 2413 713 2458 additas
742 2426 848 2457 esse.

305 2479 392 2522 Sed
421 2480 589 2527 dixerit
618 2483 806 2525 fortasse
836 2483 1057 2537 quispiam
1088 2483 1138 2523 fr.
1167 2480 1278 2524 illud
1308 2479 1367 2522 ad
1396 2491 1466 2521 res
1495 2492 1523 2521 a
1552 2479 1680 2522 Sem-

152 2528 328 2605 Jpronio
369 2549 490 2594 circa
528 2550 728 2595 Siciliam
769 2556 926 2612 gestas,
971 2564 1081 2608 quas
1119 2551 1271 2593 Livius
1314 2548 1418 2592 inde
1461 2561 1490 2591 a
1530 2549 1677 2604 capite

45 2632 63 2639 ⁷*
126 2672 127 2675 Ἰ
160 2618 362 2659 Γ49-51
409 2623 584 2675 narrat,
627 2621 910 2677 referendum
960 2633 1064 2663 esse.
1137 2619 1500 2672 Contemplemur
1542 2618 1679 2672 igitur
