1941 2999
959 54 1017 98 12

234 167 472 225 Livianam
525 161 838 229 narrationem.
910 169 978 214 Ti.
1000 175 1006 182 ·“
1021 161 1306 226 Sempronius
1350 178 1463 230 cums
1499 160 1924 230 2193st
1928 203 1931 205 -

235 236 430 284 venisset
449 237 538 289 (50.
555 237 602 290 7)
616 250 881 293 'sequecum
898 235 1213 293 rege-Hierone
1235 234 1536 291 coniunxisset
1549 223 1939 314 (BsQQUssJ

232 305 370 358 ⁴paulo
400 308 500 360 post
529 305 800 361 Lilybaeum
822 306 960 350 classe
983 307 1110 362 petiit
1129 306 1240 361 (11).
1300 308 1470 371 Deinde
1494 311 1542 358 in
1560 300 1748 359 insulani
1780 299 1941 370 ζ,

233 373 448 428 Melitam,
469 385 588 427 quae
607 386 636 416 a
657 373 1095 428 Carthaginiensibus
1113 377 1361 432 tenebatur,
1390 377 1678 431 traiecit‘tm.
1699 369 1791 433 ‘11³
1937 403 1941 406 -

1901 392 1930 425 ὃ..

235 452 427 495 eamque
446 443 721 497 expugnavit
741 443 823 497 (2).
882 441 984 498 Quo
1004 443 1119 491 fanto
1139 443 1199 486 ad
1226 444 1391 487 insulas
1413 445 1617 503 Vulcani,
1630 447 1752 503 quia
1804 427 1941 495 ⁴⁶:¹³

232 511 354 552 fama
371 512 467 552 erat
481 512 602 553 stare
614 509 681 552 ibi
692 510 906 552 Punicam
923 511 1122 568 classem,
1138 513 1401 568 transmisit;
1415 516 1498 555 nec
1513 515 1749 570 quisquam
1822 553 1823 556 ,
1865 491 1941 578 Ὗ

239 580 432 622 hostium
463 579 583 621 circa
598 591 687 623 eas
712 579 885 639 >insulas
914 581 1118 622 inventus
1148 581 1228 632 (3).
1287 580 1755 640 Βερειθιιιὶθίῡΰίαηί
1840 629 1842 631 ,
1867 582 1941 609 >*

237 646 411 689 consuli
442 647 617 706 litterae
647 647 704 689 ab
734 649 889 689 senatu
910 647 968 690 de
997 648 1189 712 transitu
1208 648 1255 690 in
1274 649 1454 701 Italiam
1474 644 1748 707 Hannibalis]
1795 643 1817 657 ⁵
1834 666 1853 671 '¹
1894 637 1941 679 5³5³?

237 719 281 760 et
302 718 350 756 ut
369 717 515 770 primo
536 727 715 770 quoque
734 718 933 769 tempore
952 710 1166 770 conlegae
1186 717 1322 758 ferret
1341 717 1563 759 auxilium
1585 719 1749 761 missae
1918 705 1939 742 ὓ

238 784 473 827 traduntur
512 783 593 839 (5).
661 782 944 840 Quapropter
983 785 1159 828 Siciliae
1196 796 1268 827 res
1307 786 1555 840 composuit
1593 787 1663 840 (6)
1703 780 1748 831 et
1828 791 1833 796 '
1894 774 1901 779 ³.
1931 778 1941 793 ἢ

238 853 394 895 decem
438 853 631 895 navibus
675 864 810 895 oram-
844 853 1005 896 Italiae
1049 854 1201 908 legens
1240 853 1494 896 Ariminum
1538 844 1751 909 pervenit
1918 856 1936 867 Χ

237 921 343 964 inde
372 934 472 965 cum
504 922 707 964 exercitu
748 934 829 965 suo
869 923 1092 978 prefectus
1122 922 1180 965 ad
1212 923 1422 966 Trebiam
1463 923 1624 966 flumen
1654 927 1752 967 con-

241 991 371 1046 legae
401 990 684 1045 coniungitur
714 992 795 1044 (7).

376 1060 658 1102 Videmus
702 1060 862 1102 nullo
907 1060 1033 1104 loco
1076 1059 1209 1103 Livi
1253 1061 1649 1117 Sempronium
1692 1062 1747 1103 in

239 1129 496 1172 Africam
527 1130 930 1172 transmittere
962 1130 1016 1171 in
1047 1130 1233 1173 animo
1265 1131 1534 1173 habuisse
1563 1142 1747 1186 neque

242 1199 468 1240 omniuo
505 1198 724 1241 habere
754 1199 1035 1255 potuisse,
1066 1200 1205 1253 quia
1234 1198 1750 1254 Carthaginienses

240 1267 502 1329 Siciliam
543 1270 598 1310 et
636 1268 818 1322 ipsam
856 1267 1091 1310 Italiam
1123 1269 1212 1321 (51.
1242 1268 1290 1320 4)
1330 1262 1751 1323 aggredieban-

240 1326 355 1390 tu'r,
393 1336 707 1379 secundum
751 1338 956 1378 famam
997 1334 1331 1378 Coelianam
1371 1339 1561 1378 autem
1603 1336 1753 1379 Semf

239 1405 478 1461 pronius
509 1405 764 1448 celocem
804 1405 860 1446 in
892 1405 1145 1447 Africam
1183 1405 1363 1460 misit,
1403 1405 1594 1448 visere
1632 1402 1752 1450 iam

242 1475 460 1531 locum,
524 1473 620 1515 ubi
675 1473 998 1515 exercitum
1051 1476 1376 1526 exponeret.
1449 1473 1597 1529 Atque
1642 1475 1754 1516 haec

239 1544 437 1586 narratio
458 1543 647 1585 Liviana
676 1555 778 1584 cum
809 1543 955 1596 eapite
986 1543 1039 1584 17
1070 1554 1246 1597 prorsus
1276 1543 1499 1585 consentit.
1557 1542 1673 1585 Nam
1703 1543 1750 1585 in

243 1612 328 1655 hoc
357 1613 504 1667 capite
543 1611 610 1654 Ti.
650 1610 935 1666 Sempronius
977 1611 1022 1652 in
1059 1610 1260 1654 Siciliam
1296 1611 1453 1653 missus
1492 1613 1568 1668 est,
1605 1611 1671 1654 ita
1708 1611 1755 1654 in

243 1682 440 1724 Africam
481 1682 830 1736 transmissurus,
869 1681 908 1722 si
948 1680 1006 1722 ad
1047 1680 1289 1722 arcendum
1331 1684 1422 1731 cet3
1463 1694 1564 1722 eum
1603 1685 1756 1722 autem

243 1749 393 1805 Scipio
423 1743 486 1791 ad
513 1749 754 1792 Hannibali
786 1749 1079 1791 resistendum
1110 1761 1196 1791 non
1225 1749 1334 1791 satis
1368 1750 1520 1792 fuisset
1550 1750 1607 1792 ob
1636 1762 1754 1792 eam-

242 1831 332 1873 que
376 1830 557 1860 causam
604 1821 782 1860 senatus
827 1818 1138 1872 Sempronium
1187 1830 1245 1860 ex
1290 1818 1443 1860 Sicilia
1494 1810 1756 1873 revocasset,

241 1888 409 1930 iussum
441 1888 486 1929 in
516 1886 713 1928 Africam
736 1886 1071 1928 ‘transmittendi
1101 1885 1159 1928 ad
1190 1886 1367 1928 irritum
1397 1887 1563 1929 recidit.
1742 1936 1744 1938 ¹

375 1957 594 2010 Fragm.
624 1955 712 1997 14:
750 1955 935 1997 Ineunte
965 1967 1059 2009 cap.
1089 1956 1146 1997 38
1175 1955 1203 1996 l.
1233 1955 1344 1997 XXI
1372 1955 1522 1997 Livius
1553 1955 1610 1997 de
1639 1955 1757 1998 Han·
1829 1973 1832 1975 ’

240 2025 403 2067 nibalis
443 2024 490 2066 iu
528 2024 706 2066 Italiam
747 2024 944 2070 adventu
984 2025 1256 2066 mentionem
1295 2024 1402 2066 facit
1443 2027 1488 2066 et
1522 2028 1757 2080 postquam
1895 2048 1917 2059 0
1937 2027 1941 2044 ³

241 2097 439 2149 quantae
477 2093 634 2148 copiae
674 2087 942 2148 transgresso
982 2093 1029 2135 in
1076 2092 1256 2136 Italiam
1297 2092 1538 2136 Hannibali
1579 2093 1753 2150 fuerint,

241 2163 562 2218 discrepantias
595 2162 792 2217 protulit,
830 2162 875 2202 in
905 2165 926 2212 ς
957 2164 983 2203 5
1013 2162 1079 2204 ita
1108 2162 1274 2217 pergit:
1313 2162 1497 2203 Taurini
1526 2161 1757 2215 Semigalli

242 2244 466 2288 proxuma
485 2244 592 2286 gens
612 2233 710 2274 erat
730 2231 775 2273 in
795 2231 972 2273 Italiam
1003 2231 1222 2286 degresso.
1252 2231 1296 2272 id
1329 2243 1432 2272 cum
1460 2231 1574 2273 inter
1604 2242 1756 2274 omnes

242 2304 424 2356 constet,
464 2312 518 2343 eo
560 2302 705 2354 magis
734 2300 873 2342 miror
907 2300 1087 2354 ambigi,
1127 2311 1324 2354 quanam
1355 2299 1483 2354 Alpis
1523 2299 1759 2354 transierit,

245 2373 290 2412 et
320 2370 456 2425 vulgo
487 2369 670 2412 credere
700 2368 898 2412 Poenino
928 2371 1266 2424 transgressum,
1308 2366 1512 2411 Coelium
1531 2379 1624 2423 *per
1654 2365 1756 2410 Gre-

243 2440 385 2481 mouis
423 2440 580 2492 iugum
622 2438 774 2480 dicere
813 2437 1042 2489 transisse3
1082 2438 1163 2491 qui
1201 2437 1335 2479 ambo
1370 2436 1508 2478 saltus
1538 2449 1641 2478 eum
1672 2449 1758 2478 non
1803 2435 1806 2437 ’

241 2507 288 2548 in
322 2506 541 2549 Taurinos
575 2506 652 2548 sed
689 2518 770 2562 per
804 2505 1000 2548 Salassos
1036 2506 1264 2548 Montanos
1305 2504 1364 2547 ad
1401 2497 1567 2547 Libuos
1602 2504 1758 2548 Gallos
1864 2563 1869 2565 α

244 2574 549 2618 deduxissent.
577 2579 660 2618 nec
679 2575 778 2618 veri
796 2575 943 2617 simile
963 2577 1030 2631 est
1059 2587 1115 2617 ea
1135 2578 1232 2616 tum
1251 2572 1310 2616 ad
1335 2573 1532 2616 Galliam
1563 2573 1760 2629 patuisse
1845 2591 1857 2609 s
1882 2574 1895 2612 ζ

245 2645 415 2687 itinera.
1032 2649 1036 2651 ’
