1941 2999
82 149 176 239 {³³5
195 151 279 226 3511ss
309 140 562 217 >'soit-⁶811
604 150 804 212 Livium'
829 169 1051 223 epitomen
1087 168 1214 210 Bruti
1252 180 1311 209 ex
1351 168 1540 221 Polybio
1579 169 1745 219 fact-,am

239 249 476 296 usurpasse
505 237 616 279 vult.

298 336 299 339 =
376 310 617 350 Praeterea
636 307 886 362 complures
913 310 1016 349 sunt
1035 308 1117 349 hoc
1147 307 1245 349 loco
1276 306 1503 363 afferendi,
1532 308 1611 361 qui
1640 319 1746 349 non-

0 360 68 440 2³24*
180 425 183 427 ‚
237 378 382 420 nullas
412 371 530 418 Livii
560 377 711 431 partes
740 382 799 417 ex
830 373 983 417 Coelio
1014 376 1192 417 haustas
1222 386 1315 417 esse
1345 374 1667 430 demonstrant3
1696 376 1742 417 in

238 446 403 501 quibus
445 444 741 487 Hesselbarth:
791 443 847 485 de
892 453 1041 498 pugna
1081 442 1312 486 Cannensi.
1357 443 1591 497 Gottingae
1633 445 1747 486 1874

237 515 419 557 Livium
457 513 503 555 in
541 525 693 569 pugna
722 510 937 563 Cannensi
968 511 1262 555 describenda
1292 512 1426 554 duces
1465 514 1510 553 et
1540 510 1747 555 Coelium

239 587 283 626 et
301 583 533 625 Valerium
553 581 781 624 Antiatem
810 586 1006 624 secutum
1040 593 1136 624 esse
1167 582 1348 636 probat;
1384 581 1642 624 Seeckvder
1666 583 1746 624 Be-

237 651 355 694 richt
386 650 462 693 des
493 649 648 692 Livius
688 649 803 693 iiber
833 650 917 692 den
947 650 1122 692 Winter
1151 647 1310 705 218117
1343 664 1384 692 v.
1416 648 1520 692 Chr.
1558 649 1744 692 Hermes

240 720 349 776 VIII
390 732 429 773 p.
469 718 553 760 154
592 730 685 773 sqq.
756 718 832 760 Th.
875 718 1098 760 Friedrich
1144 721 1316 759 autem:
1360 718 1629 772 Biographie
1668 718 1746 760 des

237 788 462 831 Barkiden
501 787 643 842 Magoss
683 787 812 830 Wien
853 787 965 829 1880
1006 800 1072 843 ea,
1121 799 1238 842 quae
1276 788 1321 829 in
1361 787 1508 843 capite
1544 787 1602 829 46
1641 787 1746 830 libri

237 856 440 901 XXVIII
472 856 529 898 de
559 857 761 910 Magone,
792 856 1062 898 Hamilcaris
1091 856 1195 912 filio,
1225 859 1471 911 narrentur,
1502 868 1561 897 ex
1590 855 1743 899 Coelio

236 938 440 969 manasse
479 926 600 982 dicit,
646 939 764 980 quae
804 926 850 967 in
890 926 1005 968 libro
1045 926 1192 981 XXX,
1230 937 1289 967 ex
1328 925 1510 980 Valerio
1551 925 1746 968 Antiate.

237 996 442 1050 Denique
471 994 654 1050 Sieylin:
693 995 765 1036 dio
798 994 1170 1048 Fragmente‘des
1209 995 1255 1036 L.
1285 993 1466 1036 Coelius
1497 994 1742 1048 Antipater.

237 1064 394 1106 Jahrb.
422 1065 449 1106 f.
469 1064 593 1106 class.
614 1064 774 1105 Philol.
795 1064 872 1106 XI.
893 1064 934 1106 S.
953 1063 1030 1106 Bd.
1061 1065 1098 1105 1.
1119 1064 1170 1105 H.
1201 1063 1310 1118 quid
1330 1063 1387 1106 de
1415 1064 1598 1119 ratione,
1627 1077 1743 1118 quae

237 1133 349 1173 inter
378 1132 621 1185 Polybium
651 1136 693 1172 et
723 1131 913 1173 Livium.
933 1124 1191 1185 intercedat,
1219 1131 1388 1172 iudicet
1418 1131 1616 1173 nondum
1646 1143 1744 1187 pro-

238 1201 351 1256 tulit,
380 1201 558 1242 Livium
589 1203 740 1242 autem
771 1212 829 1242 ex
859 1199 1009 1242 Coelio
1035 1200 1233 1242 hausisse
1264 1200 1512 1252 contendit3
1543 1205 1741 1243 ceterum

238 1269 324 1310 hoc
354 1269 630 1323 potissimum
653 1268 830 1310 efficere
859 1267 1007 1310 studet
1027 1267 1229 1310 Coelium
1249 1267 1536 1324 Antipatrum
1566 1272 1744 1322 praeter

237 1338 418 1380 secundi
448 1338 558 1380 belli
579 1339 686 1380 Pun.
707 1339 912 1380 historias
933 1338 1124 1379 alterum
1147 1339 1279 1379 etiam
1306 1349 1416 1392 opus
1437 1339 1744 1391 conscripsisse

238 1407 370 1459 (haec
401 1409 497 1449 erat
527 1406 617 1449 iam
649 1406 828 1450 Meursii
856 1409 900 1449 et
931 1406 1116 1449 Pluessii
1147 1406 1434 1459 coniectura).

373 1471 444 1517 Ex
474 1475 643 1518 Coelie‘
668 1477 779 1518 alios
819 1476 954 1518 etiam
984 1476 1221 1531 scriptores
1253 1477 1450 1518 hausisse
1479 1477 1528 1518 hi
1557 1479 1743 1518 auctore

238 1544 467 1587 Bottche-ro‘
481 1545 734 1587 voluerunt:
755 1544 925 1588 Soltau:
945 1544 1002 1586 de
1021 1545 1214 1587 fontibus
1234 1544 1461 1587 Plutarchi
1481 1546 1526 1586 in
1546 1544 1740 1587 seeundo

238 1614 355 1656 bello
395 1616 505 1656 Pun.
545 1615 803 1656 enarrando.
842 1614 941 1655 diss.
981 1612 1164 1655 Bonnae
1203 1615 1330 1669 1870,
1369 1615 1449 1668 qui
1488 1626 1546 1655 ex
1586 1613 1739 1655 Coelio

237 1682 376 1725 vitam
398 1682 530 1725 Fabii
561 1685 605 1724 et
634 1697 675 1724 v.
695 1682 899 1725 Marcelli
929 1695 964 1725 c.
995 1683 1107 1724 2—‘7
1138 1680 1321 1724 fluxisse
1350 1682 1541 1736 probare
1570 1680 1739 1736 studet3

237 1751 471 1793 Buchholz:
511 1751 902 1804 Untersuchungen
943 1751 1057 1793 iiber
1097 1751 1172 1792 die
1211 1750 1404 1805 Quellen
1442 1750 1521 1792 des
1562 1751 1740 1806 Appian

237 1820 328 1861 und
358 1820 444 1861 Dio
474 1819 648 1862 Cassius
687 1821 757 1861 fur
781 1819 870 1867 ldie
908 1819 1172 1861 Geschichte
1211 1819 1289 1861 des
1329 1820 1367 1861 2.
1407 1832 1510 1873 pun.
1540 1820 1740 1873 Krieges.

236 1888 390 1941 Pyritz
409 1888 546 1942 18723
572 1887 841 1944 Heynacher:
864 1889 978 1931 iiber
997 1888 1070 1930 die
1081 1887 1272 1943 Quellen
1292 1887 1369 1930 des
1388 1887 1526 1931 Silius
1545 1887 1741 1930 Italicus.

237 1957 345 1998 mss.
375 1956 504 1998 nfeld
525 1956 661 2011 18743
692 1946 877 1999 Posneiss:
908 1957 1070 2011 quibus
1090 1956 1350 1998 auctoribus
1380 1957 1426 1998 in
1456 1957 1577 1998 beno
1598 1957 1740 1998 naun.

236 2025 486 2068 enarrando
518 2038 621 2070 usus
651 2026 707 2067 sit
736 2027 823 2068 Dio
852 2025 1042 2069 Cassius.
1069 2026 1170 2068 diss.
1199 2026 1380 2068 Bonnae
1408 2025 1535 2068 1874.

372 2094 738 2137 Commemoratis
767 2095 908 2149 igitur
937 2095 1155 2151 omnibus,
1187 2106 1297 2150 quos
1326 2095 1532 2136 novimus
1560 2094 1619 2136 de
1649 2095 1739 2137 fon-

236 2163 352 2205 tibus
383 2163 545 2205 tertiae
572 2163 788 2205 Livianae
818 2162 1012 2218 decadis,
1043 2163 1173 2205 libris
1188 2153 1417 2206 ordiamur
1435 2164 1474 2205 si
1503 2163 1652 2218 placet
1681 2164 1739 2206 ab

235 2232 331 2284 ipsa
370 2232 666 2286 inquisitione.
724 2232 791 2273 Ac
829 2233 956 2275 nobis
995 2245 1100 2274 num
1140 2232 1253 2274 alter
1292 2234 1481 2288 scriptor
1510 2245 1569 2274 ex
1599 2233 1739 2276 altero

235 2300 434 2342 hauserit
463 2300 781 2354 quaerentibus
818 2300 867 2342 id
896 2301 1174 2356 potissimum
1213 2300 1536 2355 respiciendum
1577 2306 1653 2357 est,
1692 2306 1741 2343 ut

236 2373 291 2410 ea
319 2369 484 2424 omnia,
525 2360 644 2424 quae
683 2373 874 2425 uterque
903 2369 959 2412 de
988 2370 1147 2412 eadem
1176 2382 1225 2411 re
1263 2373 1505 2412 memoriae
1533 2370 1740 2426 prodidit,

235 2437 568 2480 accuratissime
599 2442 931 2498 componantur.
990 2437 1144 2493 Quare
1172 2440 1219 2480 in
1249 2439 1402 2481 libello
1431 2441 1580 2481 nostro
1610 2451 1735 2494 prae-

234 2507 365 2563 cipue
403 2519 471 2549 ex
509 2500 705 2563 fragm.
738 2506 1032 2551 Coelianis
1062 2520 1183 2551 cum
1212 2508 1366 2550 Livii
1395 2509 1738 2552 narratione

237 2576 589 2630 comparatis
639 2581 977 2632 argumenta
1027 2579 1360 2620 hauriemus
1412 2589 1584 2633 suoque
1636 2578 1737 2622 loco

236 2656 393 2688 eorum
423 2643 668 2699 doctorum,
708 2647 788 2702 qui
817 2659 876 2689 ex
905 2647 1005 2689 aliis
1047 2647 1191 2689 causis
1220 2646 1396 2689 Livium
1425 2645 1579 2690 Coelio
1610 2660 1741 2690 usum
