1941 2999
946 90 1002 135 25

86 213 93 216 ’
124 210 348 269 dovffz
378 189 682 253 coniecturam
719 196 964 263 sequimur,
1001 207 1245 250 secundum
1276 206 1482 250 Coelium
1520 209 1609 250 iam
1640 209 1725 251 iter

164 273 168 277 ’
218 281 276 325 ab
318 280 428 321 urbe
471 279 692 332 ingressus
729 290 758 320 a
800 277 982 319 consilio
1027 277 1217 319 Romam
1264 277 1445 332 petendi
1488 277 1727 320 destitisset

32 340 42 388 Ἀ
75 358 78 359 ’
219 349 454 402 multaque
492 339 637 387 millia
677 358 884 415 passuum
924 346 1069 387 Roma
1108 345 1330 387 abfuisset.
1386 346 1544 400 Neque
1578 347 1726 387 minus

219 419 305 460 fuit
331 429 474 459 vanus
504 419 656 470 terror,
685 428 819 470 quem
839 414 1128 469 Fregellanus
1149 415 1328 455 nuntius
1348 415 1497 456 attulit
1517 412 1727 457 Romanis

94 464 107 495 Ῠ
136 466 142 481 ⁵
160 537 168 540 NJ
220 487 280 538 (9,
310 483 337 526 6
357 486 485 539 sqq.).
513 506 570 513 ——
601 484 807 538 Denique
827 483 1055 525 maximae
1076 483 1381 524 Romanorum
1403 483 1489 524 fuit
1508 483 1726 524 stultitiae

219 556 265 606 in
293 557 441 602 monte
461 552 637 595 Albano
658 556 796 608 atque
816 564 920 594 aree
946 552 1164 594 Aefulana
1184 552 1245 604 (9.
1265 554 1313 605 9)
1343 552 1575 608 praesidia,
1605 554 1724 594 circa

219 628 370 680 portas
390 621 610 665 Collinam
631 621 1002 677 Esquilinamque
1021 621 1110 674 (10.
1131 619 1175 676 2)
1205 620 1264 663 ad
1294 633 1320 663 o
1334 621 1581 662 rientem
1603 622 1723 663 urbis

0 696 3 703 “
65 683 77 690 κ’
137 702 139 705 ·
218 694 463 748 spectantes
503 696 646 733 castra
682 703 859 746 ponere,
899 703 1000 732 cum
1040 690 1281 732 secundum
1321 689 1521 732 Coelium
1552 691 1725 732 Poenus

219 773 248 803 a
265 753 433 814 templo
453 760 681 816 Feroniae,
711 759 828 815 quod
850 760 896 801 in
925 760 1357 813 septentriones
1387 762 1569 815 spectat,
1599 759 1722 800 viam

218 830 489 872 Flaminiam
526 830 749 884 ingressus
788 829 978 878 Romam
1020 832 1191 882 peteret
1230 829 1287 870 ob
1318 841 1509 883 eamque
1540 840 1723 870 causam

218 902 337 940 certe
358 897 426 949 ¹ad
455 900 628 953 portam
660 897 928 939 Flaminiam
958 897 1139 939 veniret.

355 966 555 1022 Apparet
595 966 731 1020 igitur
770 978 830 1008 ex
868 967 925 1007 iis
964 962 1180 1022 omnibus,
1219 977 1337 1020 quae
1374 966 1522 1007 Livius
1562 965 1666 1007 inde
1695 978 1723 1007 a

218 1048 311 1090 cap.
341 1035 570 1078 9.4—10.
587 1036 613 1077 2
643 1036 853 1090 narravit,
884 1036 998 1077 hunc
1027 1048 1156 1077 usum
1186 1046 1272 1077 non
1302 1047 1397 1077 esse
1428 1034 1592 1077 Coelio.

354 1105 570 1159 Fragm.
607 1105 687 1146 40.
745 1103 982 1158 Quomodo
1023 1106 1069 1147 P.
1108 1104 1340 1147 Cornelius
1380 1104 1530 1160 Scipio
1572 1106 1721 1160 copias

217 1174 264 1215 in
285 1173 483 1216 Africam
507 1173 728 1215 traiecerit
748 1178 791 1215 et
818 1175 1080 1229 exposuerit,
1110 1186 1138 1215 a
1158 1172 1307 1216 Coelio
1337 1173 1394 1215 ad
1414 1173 1720 1216 incredibilem

218 1242 385 1283 elatum
430 1245 494 1283 est
537 1240 903 1306 admirationem:
946 1243 1208 1297 Prosperam
1254 1242 1584 1295 navigationem
1628 1243 1723 1284 sine

217 1313 387 1352 terrore
440 1322 493 1351 ac
537 1310 729 1351 tumultu
770 1311 905 1351 fuisse
954 1311 1187 1365 permultis
1232 1311 1414 1352 Graecis
1457 1311 1716 1365 Latinisque

187 1369 189 1372 ⁴
218 1378 475 1421 auctoribus
507 1377 689 1421 credidi.
748 1376 926 1420 Coelius
965 1392 1089 1434 unuS,
1129 1382 1447 1434 praeterquam
1486 1379 1605 1434 quod
1635 1391 1722 1422 non

219 1459 387 1489 mersas
415 1447 619 1489 fluctibus
648 1453 799 1502 naves,
837 1450 1008 1489 ceteros
1048 1448 1189 1489 omnis
1227 1448 1429 1490 caelestis
1459 1448 1723 1490 maritimos-

218 1507 320 1571 que*
353 1519 563 1570 terrores,
618 1519 841 1570 postremo
886 1517 1119 1572 abreptam
1163 1520 1423 1571 tempestate
1467 1517 1525 1559 ab
1569 1515 1723 1559 Africa

217 1585 402 1626 classem
448 1584 506 1626 ad
549 1585 740 1626 insulam
785 1585 1101 1641 Aegimurum,
1144 1585 1248 1627 inde
1294 1597 1427 1638 aegre
1471 1589 1722 1628 correctum

217 1665 396 1695 cursum
427 1653 622 1709 exponit,
658 1656 703 1696 et
732 1666 870 1710 prope
909 1654 1079 1697 obrutis
1117 1654 1308 1697 navibus
1337 1655 1502 1696 iniussu
1532 1654 1723 1710 impera-

217 1722 324 1764 toris
345 1723 532 1778 scaphis,
562 1722 684 1764 haud
705 1735 830 1765 secus
850 1736 986 1777 quam
1006 1723 1257 1779 naufragos,
1287 1724 1450 1765 milites
1473 1725 1567 1766 sine
1586 1726 1721 1766 armis

218 1789 320 1833 cum
339 1792 507 1845 ingenti
528 1788 721 1833 tumultu
742 1792 790 1833 in
810 1794 974 1833 terram
1005 1793 1197 1834 evasisse
1227 1790 1413 1844 (XXIX,
1435 1792 1502 1833 27.
1523 1792 1579 1834 14
1597 1795 1721 1847 sqq).

352 1860 528 1901 Livium
558 1861 672 1902 hanc
709 1861 969 1902 sententiam
1010 1873 1156 1915 neque
1185 1862 1398 1916 probasse
1426 1872 1571 1916 neque
1601 1874 1721 1903 secu-

205 1932 310 1985 tum
352 1941 447 1972 esse
487 1930 579 1971 iam
623 1941 683 1971 ex
722 1929 784 1971 eis
822 1929 982 1985 verbis,
1027 1941 1143 1984 quae
1188 1928 1309 1971 Coel.
1354 1929 1405 1971 fr.
1444 1929 1720 1985 antecedunt,

214 1998 497 2039 manifestum
528 2001 605 2040 est.
707 1998 709 2001 '
787 2036 789 2039 .

350 2066 408 2107 Et
436 2066 633 2121 profecto
666 2066 817 2107 Livius
856 2066 903 2107 in
933 2078 1025 2119 cap.
1056 2066 1109 2106 27
1144 2065 1478 2119 navigationem
1509 2066 1604 2108 sine
1632 2069 1718 2108 ter-

148 2159 151 2161 -
214 2145 314 2175 rore
345 2146 398 2175 ac
427 2135 621 2176 tumultu
660 2135 795 2177 fuisse
823 2136 1065 2177 memoriae
1094 2134 1249 2188 prodit.
1306 2134 1515 2189 Namque
1545 2135 1721 2191 milites,

214 2214 484 2258 quamquam
517 2202 680 2246 nebula
710 2215 789 2257 per
818 2203 927 2246 duos
957 2203 1169 2257 deinceps*
1192 2202 1286 2245 dies
1318 2206 1363 2244 et
1393 2203 1555 2259 calligo
1588 2205 1719 2246 meri-

212 2270 330 2312 diem
369 2275 628 2322 etdnoctem
670 2274 935 2328 obtinuerat,
976 2277 1125 2314 tamen
1163 2273 1288 2314 nullo
1318 2273 1452 2315 modo
1465 2278 1594 2321 „sunt
1624 2287 1719 2327 per-

209 2339 364 2381 territi.
422 2341 659 2382 Praeterea
688 2341 836 2396 Scipio
869 2344 1105 2396 praecepta
1135 2341 1221 2396 dat,
1261 2353 1379 2395 quae
1418 2342 1594 2383 nullum
1625 2355 1714 2384 me-

212 2409 319 2462 tum,
359 2409 528 2450 nullam
568 2410 947 2464 perturbationem
988 2410 1250 2463 nullamque
1279 2411 1579 2452 temeritatem
1613 2425 1720 2464 prae

211 2485 258 2515 se
287 2475 442 2518 ferunt.

347 2545 555 2601 Denique
583 2546 738 2588 Livius
769 2547 881 2588 nihil
900 2547 956 2589 de
987 2547 1251 2590 caelestibus
1274 2549 1606 2604 maritimisque
1633 2552 1719 2590 ter-

207 2611 393 2669 roribus,
411 2611 540 2672 ‘nihil
570 2615 627 2658 de
658 2619 932 2670 tempestate,
960 2616 1069 2657 nihil
1101 2616 1156 2658 de
1179 2617 1410 2673 militibus,
1440 2619 1517 2672 qui
1546 2618 1717 2659 iniussu

208 2679 489 2733 imperatoris
530 2684 576 2726 in
614 2685 792 2741 scaphis
820 2685 914 2728 sine
944 2685 1079 2727 armis
1110 2697 1210 2727 cum
1247 2686 1411 2741 ingenti
1445 2686 1643 2728 tumultu
1673 2688 1718 2727 in
