1941 2999
249 229 431 282 captum
461 239 556 269 esse
586 227 778 284 tradunt,
808 227 943 270 etiam
965 239 1104 269 unum
1124 217 1349 283 proelium
1374 217 1580 284 equestre
1609 218 1761 273 secun.
1800 209 1941 287 ’,ἰή

247 295 355 338 dum
385 297 489 339 illos
520 297 802 339 commissum
835 308 930 339 esse
959 295 1168 339 concludi
1197 299 1356 352 potest.

390 364 575 408 Accedit
594 364 904 420 gravissimum
927 363 1055 421 illud,
1076 363 1196 421 quod
1218 368 1412 421 uterque
1425 365 1613 422 scriptor
1634 366 1772 410 iuxta*

249 437 470 489 auctores,
501 435 581 489 qui
610 434 700 477 duo
730 435 903 490 proelia
921 435 1041 476 facta
1068 438 1244 490 negant,
1273 447 1301 476 a
1330 433 1460 476 Livio
1491 434 1760 477 nominatur.
1787 459 1790 461 -

250 503 413 545 Sensus
441 503 579 557 igitur
618 502 707 545 loci
747 503 819 545 hic
858 505 946 545 est:
978 502 1069 545 Alii
1109 505 1313 546 auctores
1351 505 1453 545 sunt
1482 502 1596 546 duos
1624 491 1760 546 duces

248 569 423 614 duobus
453 572 731 626 equestribus
760 572 944 627 prceliis
972 569 1236 626 interfectos,
1266 573 1345 612 alii
1371 585 1507 613 unum
1538 571 1760 625 proelium

252 639 549 696 commissum,
583 638 759 682 Coelius
791 642 835 682 et
856 639 1066 684 Valerius
1096 653 1233 682 unum
1266 639 1426 684 ducem
1465 651 1552 683 uno
1590 639 1761 695 proelio
1825 634 1920 690 s*

250 714 433 765 captum
448 702 565 764 ¹(non
596 707 810 764 occisum)
842 721 947 752 esse.
988 733 1044 739 —
1084 709 1188 751 Jam
1227 709 1473 764 quaeritur,
1512 720 1621 764 quos
1657 721 1759 750 auc-

251 782 368 821 tores
399 778 551 820 Livius
580 780 756 821 secutus
786 778 855 821 sit.

383 849 436 889 In
465 847 639 903 XXIX,
663 847 731 902 29,
753 849 777 889 1
808 849 962 903 paucis
992 847 1144 890 verbis
1175 850 1552 889 commemoratur
1580 847 1754 902 equites

249 915 464 972 Scipionis
495 927 596 958 cum
624 914 1063 971 Carthaginiensibus
1089 927 1247 958 manus
1270 915 1541 959 conseruisse
1570 918 1614 959 et
1644 915 1761 959 inter
1828 969 1833 973 .

246 985 467 1037 fugientes
497 986 770 1037 praesectum
802 996 984 1041 quoque
1005 985 1277 1039 Hannonem,
1306 984 1504 1026 nobilem
1534 984 1757 1041 iuvenem,
1825 980 1828 981 ⁷

249 1053 440 1096 occisum
474 1064 580 1095 esse.
639 1053 727 1095 Pro
748 1052 895 1096 occiso
916 1051 1302 1108 Carthaginienses
1332 1053 1407 1095 ala
1436 1053 1636 1109 equitum
1657 1065 1758 1103 cum

246 1123 472 1178 praefecto
502 1122 677 1177 amissa,
718 1122 809 1164 alio
850 1122 1053 1177 equitatu
1093 1134 1173 1177 per
1203 1133 1365 1173 novum
1397 1121 1614 1164 dilectum
1644 1133 1760 1164 com-

246 1194 419 1247 parato,
458 1191 731 1246 Hannonem,
771 1191 1038 1232 Hamilcaris
1077 1191 1232 1247 filium,
1272 1191 1533 1246 praeficiunt
1579 1191 1670 1243 (34.
1700 1193 1761 1244 1).

250 1259 340 1314 Qui
370 1271 602 1301 numerum
634 1259 828 1301 militum
869 1262 1002 1314 auget
1041 1259 1111 1311 (5)
1151 1262 1194 1301 et
1229 1259 1461 1302 Salaecam
1501 1259 1657 1302 urbem
1688 1271 1758 1302 oc-

247 1331 385 1383 cupat
414 1329 496 1382 (6).
556 1328 726 1370 Deinde
755 1328 973 1384 Scipionis
1001 1329 1123 1370 iussu
1154 1341 1182 1370 a
1211 1328 1441 1371 Masinissa
1469 1328 1528 1370 ad
1558 1340 1754 1382 pugnam

250 1397 427 1438 elicitur
467 1397 515 1448 (8
555 1399 669 1452 sqq.)
709 1403 754 1438 et
795 1409 897 1438 cum
936 1397 1062 1438 mille
1102 1398 1195 1439 fere
1233 1396 1453 1439 militibus
1493 1396 1758 1439 interclusus

247 1465 511 1508 interficitur
554 1466 665 1519 (15).
731 1465 881 1507 Livius
929 1466 1068 1520 igit-ur
1111 1478 1252 1507 unum
1296 1478 1351 1508 ex
1398 1466 1453 1507 iis
1502 1466 1760 1509 auctoribus

249 1538 426 1577 secutus
447 1537 524 1589 est,
557 1535 635 1589 qui
654 1534 766 1577 duos
786 1534 946 1597 eodem
965 1535 1144 1576 nomine
1165 1533 1598 1589 Carthaginiensium
1612 1534 1760 1577 ‘duces

250 1602 426 1645 duobus
480 1602 763 1657 equestribus
808 1602 989 1657 proeliis
1032 1603 1285 1645 interfectos
1330 1615 1424 1644 esse
1468 1602 1659 1645 tradunt.
1701 1627 1759 1633 -

247 1672 433 1712 Praeter
463 1668 670 1712 Coelium
702 1675 746 1712 et
778 1670 1010 1713 Valerium
1043 1671 1177 1712 etiam
1208 1671 1295 1712 Dio
1324 1670 1500 1712 Cassius
1530 1671 1582 1711 fr.
1610 1671 1679 1726 57,
1698 1671 1754 1712 66

248 1743 291 1781 et
322 1739 552 1795 Appianas
580 1739 675 1782 Lib.
705 1739 761 1781 14
793 1739 1052 1781 Hannonem
1079 1742 1257 1793 captum
1289 1740 1399 1792 (non
1419 1739 1634 1814 occisum)
1665 1751 1759 1782 esse

245 1812 1099 1857 memorant..

383 1877 498 1919 Illa
519 1880 648 1919 sunt
668 1877 990 1933 fragmenta
1010 1875 1312 1933 Coeliana,
1343 1888 1491 1932 quae
1521 1887 1759 1931 prorsus

247 1947 453 1988 asama
482 1947 727 1989 Liviana
756 1946 1106 2000 discrepant.

385 2015 600 2060 Venimus
630 2028 747 2057 nunc
777 2015 835 2057 ad
875 2016 936 2057 fr.
966 2016 1052 2071 39,
1092 2015 1212 2057 unde
1243 2015 1419 2057 Livium
1448 2013 1601 2057 Coelio
1631 2028 1761 2057 usum

247 2098 341 2128 esse
371 2085 494 2128 nullo
523 2087 663 2127 modo·
697 2085 990 2127 demonstrari
1028 2088 1183 2140 potest.
1241 2085 1395 2126 Livius
1435 2085 1482 2124 in
1513 2096 1605 2137 cap.
1634 2084 1700 2126 25.
1731 2086 1756 2125 1

245 2167 339 2209 sqq.
379 2154 484 2196 libri
523 2154 682 2195 XXIX
727 2166 877 2195 rerum
922 2154 1156 2208 scriptores
1199 2153 1245 2194 in
1292 2151 1518 2194 afferendo
1561 2152 1756 2194 militum

245 2234 446 2277 numero,
477 2233 587 2276 quos
607 2223 654 2264 P.
675 2221 908 2264 Cornelius,
925 2222 1073 2276 Scipio
1103 2223 1148 2264 in
1175 2222 1375 2264 Africam
1406 2220 1593 2281 traiecit,
1622 2220 1757 2263 valde

245 2292 424 2334 variare
455 2291 525 2333 his
556 2291 704 2333 verbis
734 2292 978 2333 memoriae
1008 2290 1177 2346 prodit:
1217 2289 1449 2345 Quantum
1489 2289 1684 2331 militum
1712 2290 1758 2332 in

245 2360 447 2402 Africam
478 2362 826 2416 transportatum
848 2360 918 2416 sit,
946 2371 1031 2402 non
1053 2371 1193 2414 parvo
1213 2370 1399 2401 numero
1420 2359 1539 2400 inter
1558 2361 1760 2401 auctores

247 2428 481 2483 discrepat.
512 2429 625 2471 alibi
655 2428 809 2471 decem
831 2429 958 2471 milia
978 2428 1190 2484 peditum,
1219 2428 1309 2470 duo
1338 2427 1466 2469 milia
1485 2430 1530 2468 et
1550 2426 1760 2470 ducentos

245 2498 432 2553 equites,
472 2497 585 2540 alibi
623 2497 816 2539 sedecim
855 2497 983 2539 milia
1021 2497 1238 2553 peditum,
1285 2497 1410 2539 mille
1454 2498 1498 2538 et
1541 2499 1758 2539 sescentos

243 2565 428 2622 equites,
459 2567 570 2609 alibi
601 2569 726 2620 parte
765 2567 863 2621 plus
904 2566 1093 2608 dimidia
1131 2579 1228 2607 rem
1258 2566 1449 2619 auctam,
1484 2565 1684 2619 quinque
1703 2549 1759 2606 et

247 2635 432 2688 triginta
461 2635 590 2676 milia
629 2634 833 2690 peditum
863 2635 1156 2690 equitumque
1194 2635 1242 2676 in
1271 2645 1407 2675 naves
1437 2633 1647 2687 imposita
1678 2633 1761 2686 (in-

249 2703 414 2758 venio).
446 2703 632 2759 quidam
662 2715 750 2746 non
780 2704 984 2746 adiecere
1005 2715 1254 2755 numerum,
1285 2703 1403 2744 inter
1432 2704 1541 2756 quos
1570 2714 1643 2744 me
1672 2703 1767 2758 ipse
