1941 2999
872 60 976 140 85)
1026 152 1032 155 ,

100 251 123 265 ‚f
167 189 339 263 flmmss
333 205 562 271 probari
567 224 654 259 nou
669 213 837 269 potest
876 213 1166 287 argumentis3
1205 212 1257 255 cf.
1293 211 1430 254 etiam
1459 223 1525 269 ea,
1554 223 1673 267 quae

0 327 12 341 2
164 278 260 341 ‘iam
285 284 422 348 supra
450 270 639 340 diximus
667 280 749 338 sub
779 282 830 324 fr.
856 281 916 341 40
945 293 1013 324 ex.

174 350 191 360 ”
216 355 235 372 '⁸'
306 345 521 407 Fragm.
550 351 629 393 25.
678 350 792 394 Gen.
811 351 868 406 X,
883 335 956 392 24.
975 351 1003 392 6
1023 351 1230 406 Suppetit
1250 351 1388 393 etiam
1409 349 1671 392 Coelianum

0 402 298 469 ἄν’111161
313 431 386 465 ex
400 420 517 463 libro
546 409 836 462 historiarum
864 418 1079 461 secundo:
1110 418 1158 460 Si
1187 419 1254 460 vis
1283 418 1394 460 mihi
1423 419 1673 473 equitatum

11 507 95 529 κ
146 479 281 534 ‘dare
319 493 364 533 et
396 488 496 543 ipse
535 501 638 531 cum
678 482 825 530 cetero
870 487 1071 529 exercitu
1112 499 1183 529 me
1227 487 1365 542 sequi,
1410 485 1484 529 die
1529 487 1672 541 quinti

0 549 79 616 ffssffs‘,
101 570 113 607 sr—
169 542 343 607 Romae
371 558 416 599 in
440 549 726 613 Capitolium
754 556 922 611 curabo
953 556 1038 599 tibi
1067 568 1177 598 66116
1206 555 1263 597 sit
1291 558 1428 598 cocta.
1460 579 1510 586 —
1543 555 1671 598 Idem

76 613 78 618 ’
102 628 112 671 ζ’
168 617 309 685 tradit
337 621 488 669 Livius
517 626 564 667 in
593 625 740 682 XXII,
768 627 837 667 51.
868 623 916 666 2:
955 626 1191 666 Maharbal
1221 624 1296 666 die
1325 625 1489 681 quinto,
1519 626 1672 680 inquit,

149 696 311 744 *victor
353 696 398 737 in
446 693 669 751 Capitolio
714 693 979 752 epulaberis.
1017 705 1225 750 sequere:
1270 706 1371 735 cum
1412 694 1576 749 equite,
1621 696 1673 735 ut

1 760 11 773 ‘⁴
123 761 149 791 ἶ
171 760 294 824 prius
324 765 495 816 venisse
525 776 663 819 quam
693 766 932 805 venturum
959 764 1113 817 sciant,
1144 762 1419 818 praecedam.

99 884 101 887 Α
192 876 195 878 ,
306 831 592 888 Quamquam
622 836 812 887 uterque
841 832 1030 887 scriptor
1051 831 1210 873 eadem
1240 832 1484 874 memoriae
1513 831 1674 888 prodit,

136 904 138 906 ’
168 904 319 966 tamen
357 914 442 944 non
483 902 713 957 habemus,
754 901 874 956 quod
912 901 1011 942 fieri
1049 912 1135 942 non
1167 901 1358 961 potuisse
1386 901 1494 955 quin
1523 901 1673 942 Livius

124 1022 127 1027 β
169 970 379 1014 fabellam
428 971 553 1012 illam
598 982 653 1012 ex
696 968 849 1012 Coelio
892 970 1092 1011 hauriret
1136 972 1412 1019 statuamus„
1465 969 1673 1025 Namque

81 1028 84 1032 ⁵
160 1039 356 1095 'fabellas
385 1040 479 1080 eius
518 1039 691 1093 generis
729 1052 841 1080 unus
882 1041 1041 1080 auctor
1080 1051 1137 1080 ex
1166 1038 1306 1080 altero
1347 1038 1581 1080 hauriebat
1609 1042 1673 1080 at-

171 1112 258 1165 que
287 1116 355 1150 ex·
374 1109 599 1150 annalium
630 1108 915 1163 scriptoribus
937 1110 1085 1149 aetate
1114 1108 1358 1164 postremis,
1389 1119 1500 1162 quos
1519 1107 1670 1149 Livius

170 1180 348 1221 secutus
378 1181 453 1234 est,
483 1181 602 1220 certe
631 1177 709 1219 ille
739 1180 816 1218 aut
845 1177 924 1219 ille
951 1175 1155 1223 ,Coelium
1184 1176 1307 1230 adiit.

305 1247 518 1300 Fragm.
559 1248 642 1288 26:
687 1247 882 1288 Priscian
912 1247 975 1287 Vl
1005 1261 1045 1302 p.
1076 1247 1160 1287 678
1190 1247 1236 1287 Ρ.
1266 1246 1349 1287 198
1386 1246 1439 1287 Η.
1469 1245 1669 1288 Coelius:

169 1313 336 1356 Nullae
359 1315 527 1356 nationi
549 1317 626 1368 tot,
655 1318 810 1369 tantas,
840 1318 932 1355 tam
955 1315 1182 1356 continuas
1203 1315 1410 1356 victorias
1430 1318 1522 1356 tam
1543 1315 1673 1357 brevi

169 1383 313 1438 spatio
343 1383 470 1425 datas
499 1383 695 1425 arbitror
723 1395 859 1437 quam
889 1383 1028 1425 vobis.
1091 1382 1263 1424 Meltzer
1291 1396 1333 1437 p.
1364 1383 1431 1438 35,
1461 1383 1518 1425 H.
1539 1383 1670 1426 Peter
1746 1404 1749 1409 >

120 1445 123 1447 ’
169 1465 214 1506 p.
242 1451 337 1507 154,
375 1451 663 1494 Weissenborn
692 1452 735 1492 in
767 1451 833 1493 ed.
854 1450 1068 1494 Coeliana
1086 1452 1166 1492 illa
1184 1451 1359 1492 Livium
1386 1455 1489 1494 ante
1518 1453 1671 1495 oculos

38 1509 41 1513 ¹
98 1575 102 1578 ‚
171 1520 377 1562 habuisse
411 1514 680 1574 statuerunt,
709 1525 819 1562 'cum
860 1515 1093 1562 scriberet:
1133 1531 1213 1575 pro
1254 1520 1323 1561 his
1353 1521 1486 1562 tantis
1516 1524 1669 1576 totque

171 1589 365 1631 victoriis
395 1602 552 1631 verum
585 1602 678 1632 esse
709 1593 856 1645 grates
893 1589 984 1631 (1618
1014 1588 1346 1631 immortalibus
1385 1590 1459 1643 agi
1498 1590 1669 1632 haberi-

169 1670 256 1712 que
287 1657 478 1714 (XXIII,
509 1660 575 1702 11.
605 1657 695 1713 12).
755 1658 962 1701 Attamen
992 1658 1084 1699 iam
1114 1657 1161 1701 Ο.
1182 1657 1363 1700 Gilbert:
1397 1656 1470 1700 die
1494 1657 1668 1713 Fragm.

169 1741 210 1782 p.
230 1728 316 1771 449
337 1728 652 1782 discrepantias
674 1728 893 1782 quasdam
912 1727 1289 1769 commemoravit.
1346 1727 1448 1768 Jam
1472 1728 1669 1782 primum

170 1796 288 1837 enim
307 1794 483 1839 Coelius
504 1797 704 1839 oratione
726 1797 906 1853 directa,
935 1796 1090 1838 Livius
1121 1796 1305 1851 obliqua
1325 1796 1480 1852 utitur,
1509 1796 1670 1839 deinde

169 1864 247 1906 ille
284 1865 331 1906 in
371 1867 624 1907 universum
664 1866 718 1907 de
757 1867 907 1907 multis
947 1866 1153 1921 victoriis,
1193 1877 1311 1919 quae
1348 1865 1462 1906 nulli
1500 1867 1670 1908 nationi

169 1936 260 1974 tam
293 1934 420 1976 brevi
458 1926 674 1989 tempore
696 1947 837 1996 quam*
863 1933 1215 1989 Carthaginiensi
1253 1934 1385 1976 datae
1413 1935 1510 1990 sint,
1550 1934 1669 1989 dicit,

58 2027 60 2029 >
87 2003 97 2056 2
170 2003 260 2044 hic:
292 2015 486 2058 aequum
515 2017 609 2047 esse
640 2015 719 2058 pro
749 2005 817 2045 his
838 2004 1035 2045 victoriis
1057 2006 1201 2057 grates
1222 2002 1317 2045 deis
1336 2003 1665 2046 immortalibus

170 2072 242 2124 agi
271 2072 531 2123 (verborum
571 2076 796 2115 contextus
827 2072 948 2127 apud
979 2076 1219 2126 utrumque
1257 2072 1515 2126 scriptorem
1547 2077 1670 2116 certe
1746 2126 1750 2130 ῃ

170 2138 369 2181 diversus
398 2141 515 2197 fuit),
544 2141 733 2196 denique
753 2141 869 2196 apud
890 2140 1018 2182 illum
1048 2140 1237 2193 figuram
1269 2140 1534 2181 rhetoricam
1566 2144 1666 2197 „tot,

165 2210 329 2263 tantas,
348 2211 439 2250 tam
463 2235 517 2240 —
534 2209 649 2252 tam“
669 2210 929 2267 reperimus,
949 2209 1069 2265 apud
1092 2210 1209 2250 hunc
1229 2209 1385 2265 „tantis
1408 2207 1508 2265 t0t“,
1529 2222 1669 2264 quam

168 2277 389 2318 insolitam
423 2279 665 2321 verborum
697 2279 1032 2321 collocationem
1068 2289 1161 2319 esse
1191 2277 1410 2319 neminem
1441 2278 1577 2334 iugit3
1617 2281 1669 2322 cf.

168 2347 342 2400 reliqua
371 2348 493 2402 apud
523 2348 771 2392 Gilbertum.

306 2415 521 2470 Fragm.
550 2418 637 2459 45.
667 2418 777 2460 Non.
806 2431 837 2459 s.
859 2431 898 2458 v.
928 2417 1108 2459 soluerit
1137 2429 1178 2471 p.
1200 2417 1283 2457 508
1313 2393 1492 2458 Coelius
1521 2419 1670 2459 annali

61 2454 74 2495 ’ἶ
122 2538 124 2540 v
169 2483 245 2527 lib.
277 2484 382 2527 VII:
425 2486 543 2529 Duos
573 2490 618 2530 et
646 2487 928 2543 septuaginta
957 2486 1120 2529 lictoris
1151 2485 1330 2528 domum
1363 2485 1669 2540 deportavisse

168 2553 309 2608 fascis,
338 2553 415 2607 qui
445 2554 702 2597 ductoribus
735 2557 923 2598 hostium
955 2558 1057 2596 ante
1087 2554 1301 2596 soluerint
1330 2554 1448 2595 ferri.

307 2622 452 2665 Nauta
481 2638 526 2679 p.
553 2624 625 2680 46,
663 2637 796 2679 quem
826 2626 964 2667 secuti
992 2626 1091 2665 sunt
1120 2622 1212 2676 alii,
1241 2622 1328 2664 hoc
1356 2622 1409 2664 fr.
1440 2635 1542 2664 cum
1571 2636 1669 2666 nar-

166 2690 339 2734 ratione
367 2691 459 2733 Liv.
478 2692 635 2750 XXX,
665 2694 732 2737 28.
763 2694 787 2734 7
816 2693 1044 2736 coniunxit
1072 2691 1341 2746 Liviumque
1361 2691 1425 2733 ibi
1456 2703 1484 2732 a
1514 2690 1666 2735 Coelio
