1941 2999
280 3 321 24 1¹2&
333 11 361 20 ἐν
391 0 419 21 ,”-“

835 4 842 7 “
904 4 976 93 ι’ἐζ
1029 6 1034 8 ’

157 201 160 202 ,
184 190 212 196 v.
282 157 607 221 Perspicuum
647 157 714 198 est
752 155 931 198 Livium
971 141 1052 199 hoc
1095 156 1193 200 leco
1234 155 1377 200 coelii
1420 159 1684 200 sententiam

88 224 116 259 ’τὲ-
177 238 264 292 non
272 224 507 289 Qrobasse‚
537 225 732 279 primum
754 225 874 280 quod
890 228 1043 268 censet
1061 225 1374 282 Hannibalem,
1394 227 1433 268 si
1454 225 1684 268 Cremonis

0 326 89 339 .,
119 307 130 313 ’
174 295 335 359 iugum
355 289 592 350 transiiset,
621 305 708 337 non
728 293 775 335 in
797 293 1018 337 Taurinos
1035 293 1114 337 sed
1140 306 1219 350 per
1238 295 1435 337 Salassos
1455 295 1685 337 Montanos

0 370 42 421 gs
152 355 235 406 *ad
250 363 423 429 Libuos
441 357 594 404 Gallos
615 362 798 417 venisse,
827 362 988 405 deinde
1017 362 1138 416 quod
1167 363 1265 404 veri
1293 363 1441 404 simile
1470 374 1556 404 non
1587 374 1683 404 esse

0 422 45 485 14²
88 483 90 485 ¹
124 471 126 474 ,
177 434 310 486 putat
345 444 400 474 ea
444 433 564 473 tum
586 429 645 472 ad
683 430 877 473 Galliam
921 432 1118 486 patuisse
1162 431 1336 474 itinera.
1405 430 1552 486 Atque
1591 432 1686 487 ipse

0 497 7 501 ”
116 540 121 548 ,Α
172 501 375 560 ,Poenum
392 500 590 554 primum
614 499 673 541 ad
692 500 910 543 Taurinos
929 501 1101 544 venisse
1121 501 1209 553 (38.
1231 502 1279 553 5)
1310 504 1463 543 contra
1488 500 1683 542 aliorum

178 569 443 632 scriptorum
474 569 734 611 sententiam
766 568 978 610 dilucidis
998 569 1149 612 verbis
1179 569 1290 611 dicit
1318 581 1462 624 neque
1493 580 1683 623 usquam

101 670 104 671 ⁷
180 636 238 678 ab
277 637 362 678 hac
401 636 523 677 fama
561 636 781 679 abhorret.
839 637 1048 692 Namque
1087 639 1131 679 in
1171 638 1373 692 sequenti
1413 650 1509 693 cap
1548 638 1617 679 39·
1657 638 1683 677 5

179 692 404 746 Hannibal
424 705 721 748 Taurinorum
743 718 875 749 unam
896 705 1073 762 urbem,
1103 709 1239 761 caput
1268 707 1410 760 gentis
1440 706 1548 760 eius,
1578 706 1687 760 quia

139 785 141 787 ·
180 773 365 815 volens·
352 786 399 815 ιιι
420 773 665 817 amicitiam
686 785 773 816 non
793 774 1013 826 veniebat,
1043 775 1090 816 vi
1112 776 1350 828 expugnat,
1372 777 1466 816 tum
1499 772 1680 815 demum

19 831 23 835 ζ
48 892 53 898 Ι,
181 853 239 882 ex
267 841 476 883 Taurinis
505 845 657 883 movet
687 842 779 895 (6);
819 844 1058 898 praecipue
1088 847 1236 885 autem
1268 843 1318 884 cf.
1350 844 1685 898 Peropportune

39 917 42 918 ’
108 922 111 924 ·
163 904 247 951 'ad
278 909 574 965 principia
603 923 789 953 rerum
820 912 1093 954 Taurinis
1124 912 1338 954 adversus
1357 911 1564 954 Insubres
1594 922 1687 953 mo—

181 980 276 1019 tum
307 978 477 1021 bellum
509 983 604 1021 erat
634 980 719 1035 (39.
750 983 808 1033 1).

318 1046 488 1102 Quodsi
508 1049 753 1091 secundum
764 1051 1069 1096 *narrationem
1085 1051 1316 1093 Livianam
1332 1050 1470 1092 Poeni
1491 1050 1684 1103 primum

181 1116 240 1158 ad
269 1116 487 1159 Taurinos
517 1122 741 1174 venerunt,
781 1122 831 1160 ut
860 1120 1016 1161 Livius
1045 1132 1119 1162 eos
1160 1132 1238 1175 per
1269 1119 1497 1161 Cremonis
1530 1119 1683 1173 iugum

180 1186 458 1227 transeuntes
487 1186 652 1228 faceret
682 1188 778 1229 fieri
807 1188 930 1229 nullo
962 1187 1093 1230 modo
1123 1191 1319 1243 poterat,
1357 1199 1553 1241 namque
1583 1186 1686 1228 Cre-

183 1253 322 1299 monis
350 1253 505 1308 iugum
537 1254 594 1309 ad
626 1256 749 1297 illam
780 1258 955 1311 gentem
987 1268 1072 1298 non
1103 1255 1297 1298 deducit.
1356 1253 1502 1309 Quem
1522 1255 1685 1297 saltum

182 1324 333 1363 autem
361 1323 516 1364 Livius
537 1324 817 1379 intellexerit,
845 1326 1134 1381 reperiemus,
1164 1325 1201 1377 si
1230 1325 1315 1366 iter
1346 1324 1405 1365 ab
1435 1323 1687 1365 Hannibale

181 1389 349 1432 factum
369 1393 594 1446 persecuti
614 1393 793 1435 erimus·
832 1395 1007 1436 Poenus
1028 1407 1129 1435 cum
1152 1394 1341 1436 adversa
1361 1394 1462 1448 ripa
1480 1392 1688 1434 Rhodani

182 1459 409 1512 profectus
455 1460 783 1503 mediterranea
826 1462 1002 1503 Galliae
1045 1462 1242 1516 petiisset
1287 1462 1375 1514 (31.
1407 1462 1469 1515 2),
1512 1460 1685 1516 quartis
1721 1511 1724 1514 Α

185 1531 338 1570 castris
378 1530 435 1572 ad
476 1531 673 1573 Insulam
717 1532 920 1586 pervenit
966 1532 1047 1584 (4).
1091 1533 1156 1573 ibi
1200 1532 1322 1584 regni
1369 1529 1688 1573 certaminibus

183 1595 346 1639 sedatis
387 1599 434 1651 (6
474 1600 587 1655 sqq.)
628 1611 715 1642 non
752 1604 875 1643 recta
914 1600 1097 1655 regione
1135 1600 1222 1642 iter
1260 1599 1474 1656 instituit,
1512 1596 1590 1641 sed
1629 1596 1688 1640 ad

182 1666 359 1708 laevam
404 1670 451 1710 in
494 1670 763 1711 Tricastinos
807 1671 954 1723 flexit;
1002 1669 1104 1710 inde
1148 1682 1227 1722 per
1271 1673 1517 1710 extremam
1563 1679 1688 1708 oram

182 1734 499 1779 Vocontiorum
531 1739 626 1792 agri
659 1737 798 1780 tendit
826 1738 873 1779 in
903 1738 1138 1793 Tricorios,
1179 1737 1441 1792 priusquam
1483 1735 1542 1778 ad
1572 1736 1686 1777 Dru-

184 1803 352 1845 entiam
371 1805 532 1846 flumen
553 1806 753 1859 pervenit
774 1807 855 1857 (9).
894 1805 1065 1847 Deinde
1085 1805 1247 1846 flumen
1267 1807 1564 1856 transgressus
1586 1803 1684 1853 (12)

136 1891 146 1894 ⁷
183 1874 416 1925 campestri
446 1875 644 1916 maxime
673 1875 831 1916 itinere
862 1874 915 1933 ad
944 1874 1070 1928 Alpis
1099 1873 1302 1929 pervenit
1331 1873 1421 1924 (32.
1452 1872 1510 1924 6).
1560 1870 1682 1925 Quas

183 1939 366 1993 quidem
396 1941 531 1996 Alpes
562 1941 732 1985 Gottias
760 1943 895 1985 fuisse
924 1944 1014 1984 iam
1046 1942 1119 1985 Fr.
1142 1941 1391 1984 Lachmann
1423 1941 1483 1994 (p.
1513 1941 1590 1993 38)
1621 1940 1684 1980 in—

181 2008 373 2062 tellexit:
412 2010 630 2053 Locorum
669 2012 851 2054 nomina
889 2015 933 2053 et
972 2012 1158 2068 populos
1198 2012 1243 2052 in
1273 2011 1353 2069 illo
1383 2010 1540 2051 itinere
1570 2020 1687 2050 com-

182 2081 450 2122 memoratos
469 2080 620 2123 Livius
639 2081 698 2124 ab
719 2083 782 2123 eis
795 2077 798 2080 ’
812 2081 992 2137 accepit,
1023 2082 1099 2136 qui
1130 2080 1421 2122 Hannibalem
1453 2091 1531 2133 per
1553 2078 1687 2132 Alpes

183 2144 351 2188 Cottius
380 2146 560 2191 duxisse
585 2151 815 2205 putabant.
870 2151 1070 2208 Livius
1100 2151 1283 2203 igitur
1312 2151 1554 2191 Poenum
1587 2159 1686 2202 per

185 2214 362 2270 Alpes
377 2215 604 2260 Cottiae
624 2221 1005 2261 transeuntem
1027 2217 1432 2274 facit,Coelius
1452 2216 1687 2270 pe-rCre-

183 2296 226 2323 m
238 2284 360 2325 onis
390 2285 445 2326 in
458 2298 526 2338 gu
538 2300 595 2328 m.
641 2288 696 2329 Et
710 2300 981 2347 quamquam
999 2299 1085 2328 non
1102 2288 1206 2328 satis
1217 2289 1385 2327 certum
1403 2290 1478 2341 est,
1491 2285 1570 2326 ubi
1585 2283 1688 2325 Cre·

183 2352 324 2394 monis
342 2353 498 2407 iugum
515 2356 736 2407 (fortassez
756 2355 987 2409 Oramont)
1008 2356 1140 2398 situm
1163 2357 1229 2412 sit,
1249 2359 1395 2397 tamen
1415 2356 1534 2396 recte
1544 2352 1687 2407 regio-

182 2422 297 2476 nem,
312 2421 430 2467 unde
442 2423 666 2467 Hannibal
680 2426 728 2467 in
742 2426 923 2467 Italiam
934 2426 1118 2480 venerit,
1134 2425 1398 2478 cogitatione
1408 2423 1583 2477 saepire
1592 2434 1689 2477 pos-

2 2464 11 2517 }
37 2496 39 2498 ·
71 2496 89 2514 τ
121 2545 125 2548 ἢ
182 2489 346 2531 sumus.
374 2489 490 2532 Nam
506 2503 605 2534 cum
622 2493 697 2536 hic
711 2493 847 2539 saltus
862 2493 921 2536 ad
932 2493 1126 2536 Salassos
1142 2491 1343 2547 deducat,
1357 2491 1522 2534 Salassi
1536 2493 1687 2533 autem

182 2558 342 2602 Italiae
348 2562 518 2625 partem
528 2562 641 2603 inter
650 2563 968 2617 septentriones
976 2566 1018 2604 et
1026 2574 1228 2604 occasum
1238 2561 1340 2602 solis
1349 2558 1618 2615 spectantem
1629 2561 1691 2601 in-

183 2631 341 2686 colant,
353 2629 451 2671 fieri
462 2641 545 2672 non
557 2632 701 2686 potuit
711 2633 818 2687 quin
829 2634 1002 2675 Poenus
1018 2644 1046 2673 a
1057 2632 1234 2685 regione
1248 2631 1362 2672 inter
1372 2631 1689 2684 septentriones
